2106 3386
212 201 247 249 6
532 198 686 252 PRO
728 198 798 250 A.
840 197 1258 251 CLUENTIO
1300 198 1629 252 ORATIO.
1757 199 1858 267 [VI.
1895 211 1952 266 15

211 340 351 402 quod
387 338 625 388 solacium
663 340 907 388 malorum
943 339 1168 387 omnium
1193 340 1299 388 fore
1325 338 1597 388 videbatur.
1675 340 1904 390 Discedit
1927 356 1958 389 a

212 429 406 477 Melino
433 429 680 488 Cluentia,
709 437 764 477 ut
789 429 839 476 in
877 428 1027 477 tantis
1053 427 1241 477 iniuriis
1267 444 1372 477 non
1398 427 1568 490 invita,
1594 436 1648 476 ut
1671 445 1701 477 a
1725 430 1830 478 viro
1853 445 1956 479 non

209 516 433 567 libenter.
509 519 642 566 Tum
682 534 802 566 vero
844 516 928 566 illa
965 517 1160 581 egregia
1202 527 1252 567 et
1299 519 1550 581 praeclara
1597 526 1756 567 mater
1790 519 1955 582 palam

211 607 456 656 exsultare
515 605 716 666 laetitia,
771 606 1076 670 triumphare
1130 605 1314 670 gaudio
1367 605 1548 670 coepit,
1593 605 1765 655 victrix
1811 607 1956 668 filiae,

160 711 314 762 5non
362 694 614 744 libidinis:
671 694 856 744 diutius
906 694 1275 758 suspicionibus
1324 695 1547 744 obscuris
1593 695 1726 744 laedi
1772 696 1958 745 famam

211 800 354 832 suam
412 785 604 833 noluit:
641 785 827 834 lectum
881 783 1018 833 illum
1067 786 1330 848 genialem,
1381 802 1532 848 quem
1591 783 1797 835 biennio
1843 794 1960 835 ante

211 874 342 921 filiae
379 888 498 922 suae
536 873 745 923 nubenti
784 883 1037 934 straverat,
1079 876 1130 922 in
1173 875 1351 923 eadem
1391 875 1545 923 domo
1582 873 1675 923 sibi
1711 874 1875 924 ornari
1911 884 1960 924 et
2032 902 2034 908 v

211 961 366 1011 sterni
415 963 619 1025 expulsa
666 971 818 1026 atque
861 964 1122 1012 exturbata
1167 962 1270 1011 filia
1320 962 1473 1013 iubet.
1567 962 1727 1012 Nubit
1776 978 1960 1026 genero

211 1069 394 1113 socrus,
434 1053 581 1102 nullis
606 1053 909 1118 auspicibus,
936 1054 1086 1104 nullis
1126 1053 1430 1114 auctoribus,
1457 1053 1666 1104 funestis
1709 1053 1960 1104 ominibus

130 1164 189 1194 10
214 1144 453 1191 omnium.

281 1234 372 1281 VI.
415 1241 490 1297 15.
533 1233 579 1282 O
605 1231 825 1282 mulieris
851 1234 1014 1282 scelus
1038 1232 1333 1283 incredibile
1359 1242 1409 1282 et
1432 1241 1627 1296 praeter
1651 1234 1783 1282 hanc
1807 1220 1958 1282 unam

212 1320 262 1369 in
306 1321 445 1370 omni
487 1321 589 1371 vita
630 1321 942 1371 inauditum!
987 1339 1018 1371 o
1054 1323 1316 1371 libidinem
1353 1323 1645 1371 effrenatam
1682 1330 1732 1371 et
1768 1321 1960 1377 indom—

210 1412 360 1458 itam!
397 1428 428 1460 o
452 1410 718 1460 audaciam
748 1410 1082 1475 singularem!
1122 1427 1292 1460 nonne
1318 1410 1556 1472 timuisse,
1591 1410 1632 1460 si
1670 1410 1833 1459 minus
1857 1409 1959 1459 vim

212 1504 423 1551 deorum
465 1501 831 1565 hominumque
869 1503 1069 1562 famam,
1108 1511 1160 1550 at
1202 1502 1337 1550 illam
1374 1503 1535 1564 ipsam
1571 1509 1771 1551 noctem
1809 1501 1961 1550 faces-

131 1607 185 1657 15
211 1608 310 1655 que
347 1591 455 1640 illas
493 1591 784 1655 nuptiales?
820 1608 923 1641 non
959 1593 1114 1641 limen
1151 1590 1404 1640 cubiculi?
1451 1607 1555 1641 non
1592 1592 1756 1640 cubile
1795 1591 1962 1639 filiae?

211 1698 316 1731 non
358 1680 572 1745 parietes
621 1682 841 1745 denique
889 1683 1040 1746 ipsos,
1084 1683 1391 1745 superiorum
1439 1689 1591 1731 testes
1640 1681 1962 1744 nuptiarum?

217 1770 458 1835 Perfregit
495 1787 553 1820 ac
589 1770 853 1834 prostravit
890 1771 1060 1820 omnia
1096 1769 1375 1834 cupiditate
1409 1787 1469 1819 ac
1505 1771 1698 1819 furore:
1734 1768 1853 1818 vicit
1876 1785 1963 1832 pu-

213 1862 389 1911 dorem
414 1860 587 1922 libido,
616 1860 848 1910 timorem
873 1861 1101 1921 audacia,
1128 1860 1373 1919 rationem
1397 1859 1630 1909 amentia.
1707 1857 1782 1911 16.
1824 1859 1961 1908 Tulit

212 1953 310 2001 hoc
333 1968 604 2002 commune
629 1952 854 2001 dedecus
879 1950 1111 2012 familiae,
1140 1949 1470 2015 cognationiS,
1498 1947 1718 1998 nominis
1752 1946 1985 2015 graviter-

128 2058 189 2090 20
214 2041 372 2091 filius:
411 2042 688 2106 augebatur
723 2051 892 2091 autem
929 2040 1035 2091 eius
1071 2042 1300 2091 molestia
1336 2040 1600 2090 cotidianis
1637 2037 1962 2102 querimoniis

213 2141 262 2182 et
301 2130 517 2181 adsiduo
555 2132 677 2181 fletu
714 2131 927 2181 sororis:
982 2130 1151 2180 statuit
1195 2139 1366 2179 tamen
1414 2127 1539 2177 nihil
1575 2127 1670 2178 sibi
1712 2129 1761 2176 in
1810 2126 1962 2177 tantis

213 2220 403 2270 iniuriis
429 2237 487 2270 ac
525 2229 664 2271 tanto
701 2222 888 2271 scelere
925 2222 1093 2270 matris
1118 2219 1312 2284 gravius
1339 2235 1447 2269 esse
1471 2217 1772 2279 faciendum,
1811 2233 1959 2280 quam

214 2320 268 2359 ut
307 2312 389 2360 illa
427 2320 585 2360 matre
627 2327 690 2359 ne
730 2319 962 2374 uteretur,
990 2327 1054 2359 ne
1095 2327 1224 2374 quae
1250 2309 1416 2359 videre
1442 2308 1548 2358 sine
1574 2324 1772 2357 summo
1807 2306 1962 2356 animi

214 2401 389 2450 dolore
426 2417 529 2450 non
567 2410 774 2464 poterat,
814 2417 890 2461 ea,
928 2402 966 2449 si
1004 2409 1158 2450 matre
1183 2409 1416 2459 uteretur,
1455 2415 1559 2448 non
1585 2399 1750 2448 solum
1774 2396 1960 2458 videre,

129 2507 153 2538 2
162 2503 186 2553 5
213 2507 385 2540 verum
410 2490 562 2539 etiam
587 2492 796 2554 probare
823 2507 915 2540 suo
939 2490 1126 2540 iudicio
1151 2498 1416 2554 putaretur.
1892 2535 1926 2557 z
1962 2492 1964 2495 ’

285 2587 362 2644 17.
405 2580 611 2641 Initium
637 2582 776 2644 quod
812 2582 930 2630 huic
955 2597 1070 2630 cum
1096 2589 1253 2630 matre
1277 2581 1424 2629 fuerit
1450 2577 1714 2638 simultatis
1739 2563 1956 2628 audistis.

215 2669 518 2719 Pertinuisse
561 2671 660 2720 hoc
703 2671 765 2719 ad
809 2688 1008 2720 causam
1051 2680 1172 2730 tum,
1220 2686 1334 2718 cum
1374 2668 1566 2733 reliqua
1613 2667 1960 2732 cognoveritiS,

214 2760 527 2824 intellegetis.
604 2762 738 2809 Nam
765 2761 885 2809 illud
914 2778 994 2810 me
1020 2777 1123 2809 non
1148 2758 1395 2823 praeterit,
1424 2758 1786 2822 cuiuscumque
1821 2757 1962 2807 modi

213 2850 275 2899 sit
301 2859 471 2909 mater,
502 2859 670 2898 tamen
696 2850 747 2898 in
773 2849 962 2899 iudicio
987 2849 1074 2897 filii
1094 2850 1156 2898 de
1183 2849 1489 2912 turpitudine
1513 2847 1733 2911 parentis
1758 2846 1859 2897 dici
1883 2845 1964 2896 vix

83 2928 88 2934 ’
127 2953 190 3000 30
214 2949 459 3004 oportere.
533 2942 653 2989 Non
679 2957 840 2989 essem
877 2941 942 2988 ad
979 2941 1131 2988 ullam
1169 2955 1372 2988 causam
1409 2938 1638 3000 idoneus,
1678 2938 1884 2999 iudices,
1921 2937 1962 2986 si

214 3031 327 3090 hoc,
370 3030 509 3093 quod
547 3029 599 3076 in
637 3028 988 3078 communibus
1027 3030 1286 3078 hominum
1325 3029 1553 3077 sensibus
1591 3035 1744 3091 atque
1781 3028 1830 3076 in
1856 3027 1964 3090 ipsa

215 3129 394 3169 natura
431 3118 648 3183 positum
685 3128 836 3182 atque
873 3121 1077 3168 infixum
1115 3127 1202 3179 est,
1243 3119 1293 3167 id
1330 3135 1439 3181 ego,
1478 3118 1562 3180 qui
1598 3118 1665 3167 ad
1700 3115 1963 3166 hominum

219 3209 440 3274 pericula
476 3210 799 3259 defendenda
834 3210 1141 3273 adiungerer,
1171 3224 1272 3258 non
1310 3207 1548 3258 viderem.
1621 3206 1788 3257 Facile
1824 3198 1963 3256 intel-
