2106 3386
266 161 338 212 60
563 160 715 213 PRO
755 160 824 212 A.
868 159 1285 213 CLUENTIO
1330 160 1657 213 ORATIO.
1735 161 1875 229 [LVI.
1915 173 2014 227 154

264 302 496 364 procellis
533 300 830 350 invidiarum
869 310 918 349 et
955 299 1160 348 huiusce
1186 299 1322 348 modi
1361 299 1659 349 iudiciorum
1684 302 1824 364 sequi
1859 302 2012 350 malu-

263 389 396 439 isse:
436 399 549 456 154.
589 398 675 438 aut
712 388 807 438 sibi
855 390 919 438 ad
968 390 1185 438 honores
1226 389 1474 462 petendos
1517 397 1734 440 aetatem
1770 392 2013 454 integram

262 479 452 528 restitui
477 488 720 542 oportere,
742 487 842 539 aut,
865 481 1103 542 quoniam
1123 478 1174 526 id
1200 495 1303 527 non
1324 487 1508 542 posset,
1530 459 1640 528 earn
1659 480 2014 530 condicionem

262 570 408 629 vitae,
437 585 591 632 quam
616 568 774 628 secuti
810 567 1107 631 petitionem
1144 569 1474 631 reliquissent,
1514 585 1747 641 manere:
1784 569 2012 633 iniquum

212 673 236 722 5
263 674 371 707 esse
431 673 530 717 eos,
593 657 677 720 qui
750 658 1000 706 honorum
1059 667 1356 707 ornamenta
1415 667 1618 721 propter
1675 657 2011 721 periculorum

263 745 633 795 multitudinem
657 745 1118 814 praetermisissent,
1146 746 1318 810 populi
1344 748 1598 796 beneficiis
1635 763 1743 797 esse
1778 749 2010 811 privatos,

262 835 561 885 iudiciorum
609 851 854 883 novorum
908 836 1138 898 periculis
1186 852 1289 884 non
1339 851 1535 885 carere:
1585 845 1866 886 senatorem
1913 837 2010 887 hoc

262 925 404 988 queri
444 941 548 974 non
595 941 758 987 posse,
802 933 1066 988 propterea
1115 926 1254 988 quod
1303 941 1363 973 ea
1410 924 1710 975 condicione
1756 926 2012 990 proposita

262 1023 431 1077 petere
456 1013 719 1077 coepisset,
748 1014 987 1076 quodque
1013 1015 1262 1077 permulta
1287 1024 1455 1063 essent
1480 1023 1789 1076 ornamenta,
1829 1016 2010 1079 quibus

182 1122 239 1152 10
263 1120 373 1153 earn
434 1103 658 1167 mitigare
717 1103 999 1152 molestiam
1057 1113 1240 1166 posset,
1305 1105 1463 1164 locus,
1525 1105 1810 1167 auctoritas,
1871 1105 2010 1155 domi

263 1193 518 1256 splendor,
545 1193 680 1256 apud
721 1201 913 1241 exteras
951 1193 1183 1241 nationes
1227 1209 1415 1242 nornen
1453 1201 1502 1242 et
1537 1194 1707 1257 gratia,
1734 1203 1850 1258 toga
1873 1211 2011 1258 prae-

261 1291 411 1342 texta,
473 1283 595 1331 sella
653 1283 851 1341 curulis,
927 1281 1153 1345 insignia,
1215 1283 1388 1342 fasces,
1451 1281 1714 1345 exercitus,
1785 1282 2007 1347 imperia,

261 1370 576 1435 provinciae:
614 1371 795 1435 quibus
822 1371 869 1419 in
907 1372 1055 1420 rebus
1082 1387 1198 1426 cum
1225 1388 1421 1420 summa
1444 1381 1580 1421 recte
1616 1373 1761 1421 factis
1796 1372 2010 1423 maiores

259 1460 417 1510 nostri
457 1448 681 1524 praemia
719 1469 826 1509 tum
875 1461 1017 1524 plura
1059 1461 1279 1526 peccatis
1327 1462 1548 1524 pericula
1595 1464 1854 1533 proposita
1899 1478 2008 1513 esse

179 1564 232 1613 15
260 1553 532 1600 voluerunt.
609 1552 688 1599 Illi
714 1566 815 1599 non
841 1551 938 1599 hoc
963 1551 1276 1611 recusabant,
1304 1567 1368 1599 ne
1405 1566 1464 1600 ea
1498 1552 1610 1615 lege
1644 1561 2006 1613 accusarentur,

260 1657 358 1703 qua
385 1656 518 1688 nunc
546 1638 769 1689 Habitus
795 1647 1069 1699 accusatur,
1097 1655 1226 1702 quae
1252 1649 1374 1688 tunc
1398 1649 1503 1689 erat
1539 1642 1848 1704 Sempronia,
1874 1658 2007 1690 nunc

261 1739 336 1778 est
385 1729 655 1779 Cornelia:
703 1729 1064 1793 intellegebant
1114 1730 1248 1778 enim
1297 1745 1358 1779 ea
1404 1731 1514 1793 lege
1562 1739 1845 1794 equestrem
1881 1731 2009 1781 ordi-

261 1835 378 1867 nem
418 1835 522 1868 non
558 1817 729 1878 teneri,
770 1820 860 1867 sed
898 1835 963 1868 ne
1000 1835 1133 1868 nova
1169 1820 1277 1882 lege
1320 1818 1659 1884 adligarentur
1693 1821 2002 1870 laborabant.

263 1917 375 1973 155.
418 1907 638 1957 Habitus
675 1925 739 1957 ne
778 1910 876 1957 hoc
921 1907 1127 1971 quidem
1154 1925 1396 1972 umquam
1421 1910 1683 1971 recusavit,
1710 1927 1814 1974 quo
1838 1910 2006 1960 minus

174 2012 234 2042 20
259 1999 337 2048 vel
374 2014 434 2048 ea
469 1999 578 2062 lege
619 1998 865 2046 rationem
908 1997 1040 2047 vitae
1082 2015 1201 2048 suae
1236 2000 1483 2060 redderet,
1511 2016 1611 2063 qua
1652 2016 1755 2050 non
1791 1996 2000 2050 tenetur.

260 2090 403 2150 Quae
429 2087 469 2136 si
493 2087 635 2137 vobis
659 2088 894 2137 condicio
912 2089 1091 2151 placet,
1113 2104 1289 2138 omnes
1308 2088 1362 2138 id
1387 2105 1608 2152 agamuS,
1629 2098 1684 2139 ut
1707 2090 1833 2139 haec
1852 2106 2005 2153 quam
2076 2111 2077 2114 ยน

258 2178 474 2242 primum
498 2178 549 2225 in
574 2194 750 2227 omnes
775 2177 978 2227 ordines
1005 2180 1233 2241 quaestio
1258 2180 1546 2242 perferatur.
1660 2231 1664 2233 ฮผ

327 2269 492 2315 LVII.
533 2269 733 2316 Interea
781 2268 1000 2330 quidem,
1050 2283 1138 2330 per
1186 2269 1310 2316 deos
1368 2267 1705 2318 immortales!
1765 2267 2004 2331 quoniam

258 2356 427 2406 omnia
474 2357 747 2406 commoda
793 2365 977 2417 nostra,
1016 2355 1135 2418 iura,
1185 2356 1481 2417 libertatern,
1521 2357 1734 2406 salutem
1783 2357 2002 2421 denique

170 2455 228 2504 25
257 2446 450 2510 legibus
487 2445 787 2507 obtinemus,
813 2462 843 2494 a
877 2445 1070 2510 legibus
1107 2462 1209 2495 non
1245 2446 1573 2495 recedamus:
1610 2446 1758 2495 simul
1793 2455 1844 2496 et
1878 2446 2005 2496 illud

258 2552 407 2599 quam
433 2535 494 2584 sit
520 2534 749 2598 iniquum
775 2536 1066 2599 cogitemus,
1093 2536 1339 2599 populum
1377 2538 1669 2584 Romanum
1705 2534 1841 2585 aliud
1865 2552 2000 2585 nunc

257 2641 433 2689 agere:
493 2624 636 2673 vobis
678 2640 784 2673 rern
830 2625 1083 2688 publicam
1133 2634 1181 2673 et
1224 2626 1446 2673 fortunas
1495 2641 1610 2674 suas
1657 2624 2003 2675 commisisse:

256 2713 362 2763 sine
400 2730 520 2763 cura
560 2731 696 2763 esse:
734 2731 836 2763 non
879 2722 1114 2774 metuere,
1159 2730 1222 2763 ne
1266 2715 1373 2778 lege
1417 2730 1489 2773 ea,
1535 2731 1687 2778 quam
1730 2731 2002 2778 numquam

254 2803 361 2867 ipse
398 2802 607 2883 ius-serit,
636 2813 684 2852 et
722 2803 1030 2867 quaestione,
1068 2820 1166 2867 qua
1202 2819 1255 2852 se
1292 2804 1509 2852 solutum
1545 2803 1859 2867 liberumque
1894 2820 2002 2854 esse

166 2902 229 2949 30
254 2892 528 2952 arbitretur,
555 2909 643 2955 per
661 2909 848 2955 paucos
874 2891 1064 2942 iudices
1090 2891 1398 2956 astringatur.
1477 2891 1588 2958 156.
1628 2892 1746 2957 Agit
1770 2892 1904 2943 enim
1930 2892 2001 2942 sic

253 2998 456 3030 causam
492 2983 550 3029 T.
580 2980 778 3041 Accius,
808 2982 1101 3031 adulescens
1126 2983 1288 3030 bonus
1325 2990 1374 3031 et
1400 2981 1626 3043 disertus,
1654 2997 1833 3032 omnes
1867 2980 2001 3031 cives

251 3069 446 3134 legibus
495 3069 651 3119 teneri
700 3070 966 3120 omnibus:
1020 3087 1109 3120 vos
1157 3070 1414 3120 attenditis
1457 3080 1506 3120 et
1552 3070 1735 3120 auditis
1783 3069 1995 3149 sile-ntia,

252 3161 380 3211 sicut
416 3161 578 3209 facere
615 3159 822 3209 debetis.
896 3163 955 3210 A.
998 3161 1260 3211 Cluentius
1303 3177 1506 3210 causam
1546 3160 1669 3210 dicit
1704 3177 1859 3226 eques
1896 3163 1998 3216 Ro-
