2106 3386
236 171 308 222 44
530 156 684 209 PRO
726 156 796 208 A.
839 153 1258 208 CLUENTIO
1301 154 1626 207 ORATIO.
1698 153 1844 222 [XLI.
1882 153 1982 206 116

237 298 552 346 consuetudo
600 298 675 357 sit,
726 298 966 361 quoniam
1013 296 1150 359 apud
1198 294 1429 344 homines
1476 293 1802 358 peritissimos
1847 293 1980 355 dico,

238 384 459 449 pluribus
485 385 646 435 verbis
672 385 856 434 docere
881 401 986 434 non
1010 385 1190 434 debeo.
1282 386 1575 447 Numquam
1612 382 1747 432 enim
1783 399 1844 432 ea
1878 382 1984 432 dili-

236 474 416 538 gentia,
456 491 584 538 quae
634 475 760 523 solet
802 473 1032 523 adhiberi
1079 475 1132 522 in
1181 472 1359 523 ceteris
1411 471 1622 532 iudiciis,
1674 473 1853 522 eadem
1899 487 1985 521 reo

238 563 476 612 damnato
501 562 728 612 adhibita
753 571 838 612 est.
942 561 1051 616 116.
1094 564 1156 612 In
1181 562 1350 611 litibus
1378 560 1705 610 aestimandis
1728 562 1830 610 fere
1865 560 1986 610 iudi-

186 665 210 713 5
238 669 322 701 ces
364 661 463 712 aut,
492 653 629 716 quod
675 652 770 701 sibi
814 668 943 713 eum,
972 669 1124 716 quem
1170 654 1326 701 semel
1369 652 1787 711 condemnarunt,
1828 649 1987 698 inimi-

238 758 352 790 cum
391 749 570 805 putant
609 757 733 803 esse,
761 740 802 789 si
844 757 974 804 quae
1016 741 1067 789 in
1112 757 1227 789 eum
1269 740 1329 789 lis
1371 739 1550 804 capitis
1590 739 1726 789 illata
1767 747 1856 800 est,
1882 755 1985 788 non

237 831 526 890 admittunt,
553 839 653 891 aut,
681 831 819 894 quod
846 848 898 880 se
923 831 1214 894 perfunctos
1248 832 1349 880 iam
1385 846 1494 880 esse
1531 830 1843 890 arbitrantur,
1870 845 1984 878 cum

240 920 302 969 de
327 936 414 969 reo
441 919 740 979 iudicarunt,
768 919 1111 984 neglegentius
1153 921 1422 970 attendunt
1464 928 1647 969 cetera.
1721 921 1902 983 Itaque
1938 928 1987 967 et

239 1008 516 1058 maiestatis
554 1008 770 1058 absoluti
808 1018 922 1057 sunt
954 1010 1202 1072 permulti,
1230 1011 1413 1073 quibus
1451 1008 1702 1059 damnatis
1742 1009 1807 1058 de
1842 1024 1988 1072 pecu-

159 1114 216 1143 10
239 1098 334 1147 niis
376 1099 667 1162 repetundis
709 1099 819 1148 lites
838 1094 840 1096 ’
861 1098 1133 1148 maiestatis
1159 1109 1326 1149 essent
1364 1098 1672 1159 aestimatae,
1698 1106 1749 1172 et
1784 1099 1883 1147 hoc
1909 1113 1989 1146 co-

239 1187 360 1237 tidie
396 1187 503 1236 fieri
528 1188 770 1250 videmuS,
799 1197 854 1237 ut
891 1204 978 1238 reo
1024 1190 1265 1238 damnato
1309 1190 1373 1238 de
1410 1187 1638 1252 pecuniis
1680 1186 1985 1251 repetundis,

240 1278 305 1326 ad
330 1293 457 1341 quos
482 1277 769 1340 pervenisse
806 1277 1044 1340 pecunias
1085 1278 1134 1326 in
1172 1278 1342 1327 litibus
1385 1276 1710 1327 aestimandis
1748 1285 1987 1326 statutum

241 1365 317 1427 sit,
346 1382 433 1415 eos
479 1365 615 1415 idem
652 1366 843 1415 iudices
885 1368 1183 1416 absolvant:
1220 1368 1360 1431 quod
1402 1383 1517 1415 cum
1554 1368 1623 1428 fit,
1663 1382 1766 1416 non
1802 1365 1990 1423 iudicia

241 1454 603 1516 rescinduntur,
651 1457 740 1505 sed
789 1457 887 1505 hoc
931 1455 1176 1516 statuitur,
1228 1457 1631 1506 aestimationem
1682 1456 1842 1504 litium
1885 1470 1988 1504 non

160 1557 212 1605 15
241 1561 349 1594 esse
391 1544 645 1593 iudicium.
743 1546 986 1593 Scaevola
1028 1546 1395 1594 condemnatus
1439 1553 1516 1594 est
1534 1544 1643 1593 aliis
1679 1543 1986 1605 criminibuS,

239 1632 650 1697 frequentissimis
688 1633 903 1696 Apuliae
947 1633 1170 1682 testibus.
1249 1632 1404 1683 Omni
1443 1632 1770 1682 contentione
1807 1648 1992 1697 pugna-

241 1732 343 1771 tum
388 1731 476 1782 est,
505 1721 576 1770 uti
618 1723 677 1770 lis
721 1723 847 1771 haec
889 1721 1066 1793 capitis
1107 1721 1461 1771 aestimaretur.
1535 1724 1681 1785 Quae
1721 1738 1798 1772 res
1839 1721 1880 1772 si
1921 1721 1991 1772 rei

241 1810 488 1860 iudicatae
529 1812 729 1874 pondus
775 1811 1045 1870 habuisset,
1091 1811 1175 1861 ille
1213 1820 1389 1875 postea
1430 1812 1508 1860 vel
1555 1812 1716 1860 isdem
1755 1813 1834 1860 vel
1883 1810 1990 1860 aliis

241 1900 456 1950 inimicis
481 1918 593 1950 reus
620 1902 714 1950 hac
739 1903 848 1964 lege
873 1901 982 1966 ipsa
1002 1905 1161 1951 factus
1188 1910 1333 1951 esset.

155 2007 217 2038 20
308 1993 475 2040 XLII.
519 1998 628 2056 117.
669 1991 905 2053 Sequitur
941 1991 1007 2054 id,
1035 1992 1174 2055 quod
1210 1991 1280 2039 illi
1316 1990 1559 2040 iudicium
1595 1991 1866 2054 appellant,
1893 2005 1991 2039 ma-

241 2082 368 2130 iores
394 2089 562 2155 autem
589 2079 746 2129 nostri
771 2096 1044 2143 numquam
1068 2096 1235 2143 neque
1272 2060 1514 2127 iudicium
1551 2077 1875 2145 nominarunt
1909 2092 1991 2128 ne-

242 2187 339 2234 que
364 2149 576 2234 proinde
600 2179 655 2219 ut
678 2187 782 2236 rem
819 2170 1092 2219 iudicatam
1129 2157 1470 2230 observarunt,
1498 2169 1987 2232 animadversionem

241 2268 391 2323 atque
416 2260 768 2310 auctoritatem
794 2261 1089 2309 censoriam.
1165 2262 1280 2322 Qua
1306 2259 1370 2308 de
1402 2275 1455 2308 re
1481 2267 1597 2321 ante
1633 2275 1787 2322 quam
1824 2257 1990 2323 dicere

241 2349 441 2414 incipi0,
464 2365 717 2414 perpauca
760 2349 882 2398 mihi
918 2350 982 2398 de
1021 2364 1137 2398 meo
1179 2349 1346 2398 officio
1393 2349 1544 2410 verba
1581 2347 1818 2396 faciunda
1858 2356 1989 2407 sunt,

156 2449 214 2498 25
242 2449 296 2489 ut
334 2456 363 2489 a
400 2457 482 2489 me
519 2456 635 2502 cum
671 2439 882 2488 huiusce
924 2437 1132 2502 periculi
1169 2434 1275 2496 tum
1319 2446 1599 2506 ceterorum
1647 2452 1852 2505 quoque
1888 2436 1992 2486 offi—

243 2528 433 2578 ciorum
471 2538 521 2578 et
557 2529 889 2588 amicitiarum
926 2529 1051 2597 rat-io
1088 2535 1382 2576 conservata
1406 2542 1516 2575 esse
1541 2524 1782 2589 videatur.
1857 2508 1987 2575 Nam

242 2617 365 2666 mihi
405 2635 519 2666 cum
553 2617 668 2667 viris
707 2618 931 2676 fortibus,
979 2617 1064 2679 qui
1107 2631 1343 2665 censores
1384 2616 1612 2679 proxime
1645 2615 1862 2679 fuerunt,
1889 2630 1990 2663 am-

242 2709 405 2756 bobus
443 2716 517 2756 est
550 2708 782 2767 amicitia,
812 2722 927 2755 cum
965 2707 1120 2768 altero
1157 2721 1289 2765 vero,
1329 2705 1473 2753 sicuti
1510 2704 1735 2768 plerique
1771 2711 1988 2752 vestrum
2023 2763 2031 2767 ,
2097 2712 2106 2743 ἰ

242 2797 416 2856 sciunt,
457 2812 667 2859 magnus
704 2812 823 2844 usus
861 2804 910 2845 et
946 2810 1144 2843 summa
1190 2795 1448 2856 utriusque
1497 2792 1672 2842 officiis
1720 2792 1990 2841 constituta

156 2898 219 2943 30
242 2886 577 2935 necessitudo.
712 2883 821 2936 118.
882 2886 1052 2946 Quare
1112 2882 1352 2946 quicquid
1412 2883 1477 2931 de
1540 2881 1988 2946 subscriptionibus

243 2991 417 3025 eorum
445 2973 568 3023 mihi
596 2975 869 3024 dicendum
908 2972 1011 3033 erit,
1040 2989 1102 3022 eo
1138 2972 1305 3020 dicam
1341 2973 1526 3032 animo,
1554 2979 1609 3020 ut
1645 2985 1848 3021 omnem
1885 2982 1988 3018 ora-

244 3067 430 3115 tionem
469 3080 635 3113 meam
674 3079 777 3112 non
805 3063 868 3112 de
904 3064 1101 3112 illorum
1128 3062 1278 3121 fact0‚
1306 3061 1396 3110 sed
1434 3061 1497 3110 de
1534 3059 1726 3110 ratione
1761 3059 1988 3109 censoria

243 3156 463 3222 habitam
492 3153 761 3203 existimari
782 3153 930 3201 velim
953 3172 960 3201 :
988 3168 1016 3200 a
1044 3152 1260 3219 Lentulo
1276 3159 1458 3210 autem,
1490 3147 1713 3198 familiari
1740 3163 1868 3207 meo,
1897 3147 1984 3210 qui
