2106 3386
0 0 39 228 ξ

163 123 310 162 XXX.
340 111 429 179 81]
513 109 666 161 PRO
708 109 779 160 A.
822 108 1238 161 CLUENTIO
1281 107 1607 159 ORATIO.
1836 121 1894 171 31

159 251 312 299 homo
352 266 466 298 cum
505 265 700 298 summa
741 256 988 312 potestate
1027 256 1134 296 tum
1177 248 1242 296 ad
1284 245 1670 295 inflammandos
1707 245 1900 294 animos

160 337 491 388 multitudinis
539 339 966 396 accommodatus,
1017 352 1263 384 summam
1313 335 1382 383 illi
1431 334 1618 383 iudicio
1660 333 1898 382 invidiam

159 408 515 490 infamiamque
541 443 649 475 esse
670 427 953 484 conflatam,
981 435 1132 487 atque
1158 426 1207 472 in
1229 425 1359 472 hanc
1379 416 1631 472 flammam
1651 432 1900 491 recefntem

158 525 262 565 tum
290 518 347 566 C.
377 518 592 576 Iunium,
634 515 719 579 qui
757 515 828 563 illi
866 513 1145 577 quaestioni
1181 515 1473 577 praefuerat,
1520 529 1627 562 esse
1664 512 1902 561 iniectum

159 605 375 664 memini,
399 615 448 654 et
467 605 605 653 illum
626 604 880 654 hominem
901 605 1200 663 aedilicium,
1225 605 1322 651 iam
1348 611 1630 665 praetorem
1658 602 1902 665 opinioni·
1962 618 1985 665 5

157 696 248 744 bus
292 694 551 743 hominum
595 692 939 753 constitutum,
990 709 1092 741 non
1143 691 1508 763 disceptatione
1556 690 1771 750 dicendi,
1812 691 1902 739 sed

156 786 374 832 clamore
400 784 463 832 de
489 785 596 831 foro
622 793 771 845 atque
799 783 931 831 adeo
954 782 1018 830 de
1044 780 1246 830 civitate
1273 797 1380 830 esse
1406 780 1670 829 sublatum.

223 871 303 925 80.
347 874 527 935 Neque
576 888 656 920 me
704 872 926 934 paenitet
975 871 1074 920 hoc
1124 879 1349 933 tempore
1398 869 1564 932 potius
1613 885 1765 932 quam
1816 869 1900 917 illo

158 978 356 1010 causam
396 964 453 1009 A.
496 959 698 1011 Cluenti
734 961 1022 1010 defendere.
1114 961 1282 1010 Causa
1324 959 1458 1008 enim
1501 968 1670 1006 manet
1707 959 1898 1018 eadem,

158 1067 285 1113 quae
334 1049 513 1098 mutari
561 1051 700 1099 nullo
749 1050 904 1099 modo
947 1057 1128 1112 potest,
1180 1050 1418 1111 temporis
1467 1047 1701 1110 iniquitas
1749 1057 1900 1110 atque
1931 1065 1988 1095 10

157 1138 345 1187 invidia
387 1138 603 1199 recessit,
647 1147 714 1198 ut,
759 1139 897 1201 quod
937 1137 985 1185 in
1027 1146 1250 1201 tempore
1294 1138 1410 1185 mali
1450 1136 1555 1197 fuit,
1595 1131 1718 1184 nihil
1755 1138 1898 1198 obsit,

157 1229 293 1291 quod
317 1229 368 1275 in
393 1244 542 1276 causa
567 1228 687 1276 boni
713 1227 818 1286 fuit,
845 1229 1013 1290 prosit.
1078 1229 1256 1289 Itaque
1277 1243 1410 1275 nunc
1431 1243 1578 1289 quem
1606 1226 1669 1274 ad
1695 1227 1899 1275 modum

156 1317 332 1366 audiar
356 1318 530 1378 sentio,
559 1333 660 1366 non
686 1317 839 1365 modo
865 1318 928 1366 ab
954 1316 1038 1376 eis,
1068 1333 1281 1380 quorum
1319 1316 1555 1365 iudicium
1595 1332 1654 1364 ac
1679 1325 1900 1379 potestas

158 1415 245 1466 est,
274 1406 359 1454 sed
400 1404 549 1455 etiam
586 1406 649 1454 ab
686 1404 797 1464 illis,
836 1421 1048 1468 quorum
1089 1414 1285 1454 tantum
1324 1415 1398 1454 est
1445 1404 1757 1454 existimatio.
1832 1408 1900 1453 At
1932 1401 1975 1476 A]
2004 1459 2026 1472 ,j
2060 1463 2068 1470 υ

157 1503 263 1542 tum
290 1494 329 1542 si
355 1493 588 1553 dicerem,
616 1510 717 1542 non
754 1493 965 1554 audirer,
1006 1510 1108 1542 non
1152 1495 1288 1557 quod
1331 1495 1428 1542 alia
1469 1510 1545 1543 res
1572 1503 1716 1556 esset,
1744 1482 1900 1544 irii‘riio
1929 1511 1947 1540 1
1957 1464 1983 1557 ὲ

158 1585 350 1643 eadem,
379 1584 466 1632 sed
493 1593 688 1646 tempus
714 1582 865 1632 aliud.

223 1675 382 1720 XXX.
426 1672 485 1720 Id
522 1672 650 1721 adeo
687 1672 757 1720 sic
806 1672 1106 1736 cognoscite.
1182 1672 1308 1734 Quis
1346 1681 1451 1721 tum
1488 1673 1694 1732 aud‘eret
1730 1672 1897 1722 dicere

156 1770 422 1811 nocentem
445 1762 833 1810 condemnatum
873 1778 981 1810 esse
1018 1761 1393 1825 Oppianicum?
1430 1761 1539 1824 quis
1578 1778 1710 1810 nunc
1746 1764 1900 1811 audet

156 1868 336 1915 negare
352 1855 381 1901 P.
444 1850 568 1913 Quis
594 1860 699 1899 tum
740 1860 910 1914 posset
946 1868 1149 1914 arguere
1175 1848 1564 1914 ab‘Oppianico
1602 1860 1899 1915 temptatum

157 1958 264 1990 esse
290 1939 527 1989 iudicium
552 1939 808 2003 pecunia?
844 1939 955 2002 quis
976 1940 1026 1987 id
1053 1942 1151 1989 hoc
1187 1949 1413 2004 tempore
1457 1940 1656 1989 infitiari
1694 1944 1899 2004 potest?
1923 1957 1984 1987 20

158 2029 251 2080 Cui
277 2038 379 2078 tum
400 2030 569 2099 liceret
589 2029 770 2078 docere
792 2029 1128 2091 Oppianicum
1146 2046 1284 2078 reum
1305 2031 1489 2078 factum
1513 2047 1620 2079 esse
1636 2039 1741 2079 tum
1761 2031 1898 2079 deni-

157 2134 264 2182 que,
303 2134 416 2166 cum
452 2118 648 2167 duobus
684 2117 921 2181 proximis
963 2118 1281 2181 praeiudiciis
1325 2121 1691 2169 condemnatus
1728 2108 1898 2168 esset?

157 2209 265 2271 quis
302 2216 376 2257 est
412 2208 497 2270 qui
534 2206 584 2255 id
621 2207 718 2255 hoc
754 2216 980 2270 tempore
1017 2208 1264 2257 infirmare
1290 2210 1536 2257 conetur?
1604 2207 1684 2260 81.
1728 2209 1895 2269 Quare

154 2297 341 2346 invidia
398 2305 602 2356 remota,
654 2313 803 2359 quam
841 2297 946 2346 dies
984 2297 1237 2361 mitigavit,
1278 2297 1435 2346 oratio
1472 2314 1584 2346 mea
1631 2298 1897 2360 deprecata

156 2395 241 2446 est,
262 2395 424 2435 vestra
449 2387 573 2435 fides
598 2395 747 2449 atque
772 2388 993 2449 aequitas
1020 2403 1049 2435 a
1075 2385 1292 2435 veritatis
1319 2386 1683 2450 disceptatione
1708 2386 1891 2447 reiecit,
1921 2398 1981 2447 25

156 2474 276 2539 quid
300 2484 374 2524 est
399 2483 654 2538 praeterea
680 2476 818 2537 quod
844 2475 894 2523 in
920 2491 1071 2523 causa
1094 2477 1437 2538 relinquatur?

221 2565 480 2612 Versatam
521 2580 628 2613 esse
666 2563 717 2611 in
761 2563 946 2613 iudicio
986 2560 1249 2626 pecuniam
1296 2573 1522 2613 constat:
1560 2581 1620 2614 ea
1645 2564 1895 2627 quaeritur

153 2652 286 2701 unde
311 2653 531 2715 profecta
556 2652 630 2714 sit,
659 2655 722 2703 ab
758 2661 1047 2702 accusatore
1083 2668 1148 2701 an
1184 2653 1246 2701 ab
1284 2669 1384 2701 reo.
1459 2654 1595 2702 Dicit
1636 2664 1895 2703 accusator

153 2739 310 2789 haec:
351 2740 597 2789 ‘Primum
633 2742 929 2804 gravissimis
979 2740 1266 2790 criminibus
1303 2742 1617 2801 accusabam,
1669 2751 1723 2790 ut
1770 2742 1894 2790 nihil

154 2845 278 2892 opus
303 2838 434 2878 esset
458 2832 701 2892 pecunia:
741 2831 926 2880 deinde
952 2831 1344 2878 condemnatum
1370 2829 1698 2891 adducebam,
1738 2841 1793 2880 ut
1828 2848 1892 2881 ne
1916 2845 1980 2890 30

154 2917 274 2989 eripi
311 2918 512 2980 quidem
561 2921 774 2980 pecunia
821 2930 1023 2983 posset:
1073 2929 1344 2981 postremo,
1394 2920 1587 2968 etiamsi
1634 2922 1892 2970 absolutus

153 3004 336 3066 fuisset,
376 3022 596 3055 mearum
633 3017 801 3067 tamen
838 3007 1064 3056 omnium
1102 3008 1408 3056 fortunarum
1446 3005 1601 3058 status
1627 3009 1892 3058 incolumis

155 3093 408 3143 maneret.’
478 3096 616 3157 Quid
641 3105 812 3145 contra
838 3099 985 3145 reus?
1059 3096 1307 3145 ‘Primum
1332 3097 1492 3160 ipsam
1519 3097 1891 3148 multitudinem
