2106 3386
97 139 215 180 XIV.
245 126 340 195 41]
415 126 568 178 PRO
611 125 679 177 A.
723 125 1140 178 CLUENTIO
1182 124 1510 177 ORATIO.
1775 134 1833 189 15

94 277 198 317 tum
231 268 470 329 suffragiis
513 267 688 329 populi
730 273 1037 328 pervenerat.
1114 267 1291 328 Itaque
1341 262 1488 330 [rem]
1529 280 1644 313 cum
1686 265 1840 326 Oppi-

93 355 242 405 anico
266 335 505 417 transigit,
533 353 799 417 pecuniam
824 354 888 403 ab
925 369 988 403 eo
1024 355 1220 417 accipit,
1249 370 1452 402 causam
1478 362 1528 402 et
1553 362 1838 416 susceptam

95 454 144 494 et
192 454 295 493 tam
334 443 650 492 manifestam
699 444 943 506 relinquit.
1021 445 1098 490 Ac
1139 452 1246 491 tum
1286 444 1336 490 in
1380 443 1647 506 Oppianici
1690 457 1842 491 causa

95 535 279 582 crimen
305 533 403 582 hoc
429 534 739 581 Asuvianum
775 549 892 590 cu„-m
929 533 1136 580 testibus
1162 533 1331 581 multis
1368 541 1473 597 tu—rp
1510 548 1628 581 vero
1653 532 1840 581 indicio

96 623 244 672 Avilli
282 622 732 685 comprobabatur:
781 622 831 668 in
880 638 982 684 quo
1020 622 1292 684 adligatum
1330 612 1610 684 'Oppianici
1652 635 1840 670 nomen

94 713 310 775 primum
371 726 480 760 esse
540 712 816 769 constabat,
868 712 987 770 eius,
1038 726 1189 774 quem
1250 726 1338 759 vos
1398 712 1631 760 miserum
1690 719 1841 773 atque

95 803 420 850 innocentem
446 802 572 849 falso
600 800 785 849 iudicio
811 802 1204 849 circumventum
1231 816 1339 849 esse
1367 800 1543 849 dicitis.
1819 777 1825 790 ’

166 891 307 938 XIV.
347 902 436 954 40.
478 889 654 952 Quid?
701 891 862 938 aviam
912 898 1066 949 tuam,
1107 889 1406 952 Oppianice,
1449 889 1711 949 Dinaeam,
1762 890 1842 936 cui

95 987 148 1026 tu
174 995 226 1027 es
265 979 423 1037 heres,
468 987 609 1041 pater
650 987 766 1027 tuus
810 993 913 1026 non
958 978 1225 1027 manifesto
1279 977 1516 1027 necavit?
1574 979 1639 1026 ad
1690 993 1841 1041 quam

96 1084 211 1117 cum
270 1067 559 1116 adduxisset
619 1067 871 1116 medicum
930 1067 1069 1115 illum
1128 1083 1287 1127 suum,
1340 1069 1438 1115 iam
1487 1069 1744 1131 cognitum
1794 1077 1842 1115 et

97 1172 246 1219 saepe
298 1156 554 1216 victorem,
606 1155 718 1222 [per
773 1173 922 1219 quem
972 1158 1286 1205 interfecerat
1339 1155 1617 1223 plurimos],
1668 1158 1844 1205 mulier

98 1247 341 1294 exclamat
383 1261 435 1294 se
484 1247 547 1294 ab
596 1262 656 1294 eo
700 1247 838 1294 nullo
886 1247 1043 1294 modo
1091 1248 1248 1294 curari
1297 1247 1438 1306 velle,
1488 1262 1590 1310 quo
1638 1255 1844 1294 curante

96 1350 273 1384 omnes
345 1351 462 1384 suos
544 1336 858 1398 perdidisset.
999 1336 1131 1382 Tum
1198 1344 1402 1398 repente
1468 1337 1844 1384 Anconitanum

97 1425 384 1487 quemdam,
438 1425 490 1473 L.
556 1425 810 1485 Clodium,
872 1425 1319 1487 pharmacopolam
1379 1426 1842 1485 circumforaneum,

99 1515 182 1577 qui
208 1529 325 1562 casu
351 1523 453 1562 tum
494 1513 733 1562 Larinum
770 1515 1000 1573 venisset,
1029 1514 1317 1577 adgreditur
1341 1523 1391 1563 et
1416 1529 1531 1562 cum
1559 1529 1621 1563 eo
1647 1514 1844 1563 duobus

98 1604 299 1652 milibus
339 1605 442 1662 HS,
472 1603 522 1651 id
560 1603 697 1666 quod
723 1605 877 1666 ipsius
914 1604 1097 1651 tabulis
1136 1612 1211 1652 est
1237 1605 1653 1663 demonstratum,
1693 1612 1846 1653 trans-

99 1694 198 1756 igit.
285 1694 337 1740 L.
382 1693 605 1754 Clodius,
645 1709 757 1740 cum
794 1702 1094 1756 properaret,
1135 1695 1215 1741 cui
1254 1694 1360 1742 fora
1397 1695 1551 1742 multa
1587 1702 1844 1752 restarent,

98 1785 243 1832 simul
291 1792 442 1847 atque
492 1785 805 1832 introductus
855 1792 941 1844 est,
987 1800 1092 1832 rem
1133 1783 1383 1853 confecit:
1434 1785 1592 1846 prima
1640 1782 1847 1847 potione

101 1873 360 1922 mulierem
382 1871 591 1932 sustulit,
620 1888 783 1936 neque
821 1881 1000 1935 postea
1036 1874 1202 1920 Larini
1240 1882 1482 1935 punctum
1507 1882 1582 1921 est
1608 1874 1846 1936 temporis

100 1971 452 2012 commoratus.
525 1974 608 2026 41.
650 1963 845 2011 Eadem
871 1964 966 2010 hac
994 1964 1190 2011 Dinaea
1227 1971 1586 2012 testamentum
1616 1964 1844 2023 faciente,

101 2068 216 2101 curn
251 2053 443 2101 tabulas
483 2052 827 2114 prehendisset
866 2052 1191 2114 Oppianicus,
1220 2054 1303 2115 qui
1340 2068 1493 2115 gener
1529 2053 1633 2101 eius
1658 2050 1845 2111 fuisset,

35 2136 40 2143 ⁸
101 2142 258 2206 digito
298 2145 459 2205 legata
501 2142 686 2191 delevit
726 2151 775 2191 et
822 2158 935 2189 cum
985 2141 1037 2189 id
1086 2143 1254 2190 multis
1303 2141 1425 2190 locis
1473 2143 1685 2202 fecisset,
1736 2151 1850 2204 post

102 2241 315 2282 mortem
355 2234 473 2291 eius,
502 2248 566 2280 ne
605 2233 762 2299 lituris
801 2234 1002 2294 coargui
1041 2241 1224 2294 posset,
1254 2240 1610 2280 testamentum
1649 2233 1699 2279 in
1729 2233 1849 2280 alias

103 2321 296 2369 tabulas
339 2322 715 2383 transscriptum
764 2322 914 2383 signis
957 2321 1246 2369 adulterinis
1295 2321 1590 2383 obsignavit.
1686 2322 1851 2369 Multa

102 2418 359 2474 praetereo
418 2410 678 2458 consulto:
740 2410 926 2458 etenim
981 2425 1154 2458 vereor
1202 2425 1265 2457 ne
1312 2410 1436 2457 haec
1484 2410 1591 2471 ipsa
1640 2410 1850 2457 nimium

104 2501 262 2548 multa
291 2514 400 2548 esse
437 2498 727 2547 videantur:
766 2514 854 2548 vos
895 2507 1064 2547 tamen
1105 2497 1315 2546 similem
1357 2499 1432 2546 sui
1459 2504 1572 2547 eum
1614 2499 1766 2547 fuisse
1799 2499 1850 2546 in

104 2591 280 2638 ceteris
328 2604 532 2651 quoque
580 2589 710 2637 vitae
770 2587 993 2651 partibus
1052 2589 1334 2636 existimare
1393 2586 1601 2637 debetis.
1701 2590 1850 2637 Illum

105 2678 299 2726 tabulas
373 2678 599 2739 publicas
659 2675 829 2725 Larini
891 2678 1144 2725 censorias
1212 2678 1493 2739 corrupisse
1552 2678 1850 2727 decuriones

106 2766 319 2814 universi
357 2763 713 2813 iudicaverunt.
788 2765 919 2814 Cum
957 2766 1042 2813 illo
1078 2781 1230 2813 nemo
1267 2766 1366 2813 iam
1401 2764 1661 2825 rationem,
1701 2782 1851 2815 nemo

1870 1086 1929 1117 10

1874 1531 1930 1579 15

1875 1978 1935 2008 20

105 2871 209 2904 rem
247 2855 400 2902 ullam
437 2855 795 2903 contrahebat:
833 2870 984 2903 nemo
1022 2856 1159 2902 illum
1196 2870 1255 2902 ex
1292 2863 1394 2902 tam
1431 2855 1599 2902 multis
1625 2857 1851 2918 cognatis
1876 2868 1940 2914 30

107 2953 156 2993 et
204 2943 452 2992 adfinibus
499 2951 716 2992 tutorem
763 2960 998 3007 umquam
1051 2943 1218 2991 liberis
1268 2942 1368 2991 suis
1417 2943 1640 3006 scripsit:
1700 2960 1851 2993 nemo

36 3088 39 3091 ¹
108 3033 244 3080 illum
275 3032 426 3091 aditu,
468 3047 617 3079 nemo
657 3033 1024 3093 congressione,
1066 3047 1216 3080 nemo
1257 3047 1499 3091 sermone,
1548 3048 1698 3080 nemo
1737 3048 1852 3080 con-

108 3119 239 3168 vivio
287 3121 492 3183 dignum
542 3119 810 3168 iudicavit:
872 3136 1047 3168 omnes
1090 3122 1494 3182 aspernabantur,
1541 3136 1715 3168 omnes
1769 3121 1851 3168 ab·
