2106 3386
97 102 222 194 xix.
257 141 345 209 52]
423 140 577 194 PRo
617 141 685 192 A.
729 139 1148 193 CLUENTIO
1189 139 1517 193 ORATIO.
1772 154 1834 205 19

95 281 396 345 susciperem
433 281 686 344 petebant,
725 280 774 328 in
814 297 914 343 qua
948 296 1101 328 causa
1137 279 1334 343 patroni
1372 296 1522 328 omne
1558 278 1832 343 periculum

94 371 453 426 continebatur.
545 380 625 436 50.
667 372 790 434 Ego,
820 370 905 432 qui
942 386 1107 432 neque
1144 369 1237 418 illis
1276 368 1459 417 talibus
1485 367 1598 417 viris
1635 385 1694 416 ac
1731 378 1831 416 tam

93 459 377 510 amantibus
413 460 512 509 mei
549 477 652 509 rem
679 474 878 522 possem
904 460 1056 506 ullam
1084 474 1264 521 negare
1290 474 1454 521 neque
1485 457 1609 506 illud
1646 457 1829 506 crimen

43 602 46 603 ⁷
94 558 287 598 tantum
313 565 372 598 ac
397 558 499 597 tam
527 548 842 597 manifestum
868 563 976 596 esse
1002 548 1276 607 arbitrarer,
1299 546 1425 596 sicut
1447 563 1509 595 ne
1535 546 1603 594 illi
1631 546 1830 609 quidem

93 638 200 702 ipsi,
220 637 306 701 qui
331 637 452 686 mihi
468 647 574 686 tum
600 637 734 685 illam
760 653 962 686 causam
994 637 1431 695 commendabant,
1455 635 1831 696 arbitrabantur,
1893 651 1918 698 5

94 727 347 791 pollicitus
375 727 444 776 eis
470 743 578 775 sum
606 743 685 774 me
711 725 878 775 omnia
916 742 1042 788 quae
1067 727 1253 775 vellent
1278 742 1385 774 esse
1411 726 1669 774 facturum.

85 836 96 842 ⁷
161 819 361 865 XVIII.
402 819 506 865 Res
543 816 622 879 agi
659 825 838 879 coepta
881 825 988 864 est:
1038 814 1215 863 citatus
1254 824 1328 864 est
1364 816 1669 864 Scamander
1705 832 1827 864 reus.

91 908 373 956 Accusabat
410 909 461 954 P.
504 906 797 966 CannutiuS,
838 907 991 954 homo
1040 904 1093 953 in
1143 904 1314 968 primis
1363 904 1654 969 ingeniosus
1695 913 1744 953 et
1781 904 1831 952 in

92 994 310 1044 dicendo
327 994 646 1043 exercitatus:
666 994 932 1042 accusabat
952 1002 1119 1042 autem
1146 992 1228 1042 ille
1249 992 1454 1056 quidem
1472 994 1830 1043 Scamandrum

92 1084 253 1134 verbis
289 1084 476 1133 tribus:
516 1086 832 1132 Venenum
870 1099 999 1132 esse
1035 1083 1504 1146 deprehensum:
1542 1082 1711 1132 omnia
1737 1085 1834 1132 tela
1864 1099 1922 1130 10

93 1173 242 1223 totius
279 1173 609 1224 accusationis
643 1175 692 1220 in
719 1172 1056 1236 Oppianicum
1095 1172 1484 1234 coniciebantur,
1523 1172 1835 1237 aperiebatur

92 1281 243 1325 causa
278 1263 584 1324 insidiarum,
614 1262 955 1312 Fabriciorum
992 1262 1296 1312 familiaritas
1334 1265 1831 1324 commemorabatur,

92 1354 306 1404 hominis
326 1353 426 1403 vita
452 1363 499 1403 et
525 1353 735 1403 audacia
760 1353 1114 1417 proferebatur,
1145 1352 1363 1416 denique
1390 1355 1554 1402 omnis
1580 1353 1833 1402 accusatio

92 1444 222 1493 varie
247 1443 558 1508 graviterque
584 1452 804 1503 tractata,
834 1443 897 1490 ad
935 1453 1212 1492 extremum
1250 1443 1512 1493 manifesta
1536 1444 1716 1493 veneni
1753 1445 1836 1492 de-

91 1533 420 1598 prehensione
458 1535 694 1582 conclusa
731 1543 817 1582 est.
890 1542 968 1597 51.
1013 1535 1115 1582 Hic
1156 1550 1249 1597 ego
1284 1543 1390 1582 tum
1425 1535 1489 1583 ad
1527 1535 1833 1597 responden·
1862 1541 1918 1589 15

91 1625 210 1672 dum
238 1622 450 1672 surrexi:
487 1640 585 1686 qua
609 1639 741 1683 cura,
771 1622 822 1671 di
860 1624 1163 1672 immortales
1190 1627 1198 1671 1
1225 1640 1324 1686 qua
1361 1623 1696 1673 sollicitudine
1732 1623 1834 1672 ani-

92 1711 159 1760 mi
185 1715 194 1760 1
220 1729 319 1775 quo
342 1712 522 1761 ‘timore
545 1716 554 1760 l
614 1714 822 1776 Semper
848 1713 1084 1775 equidem
1112 1729 1294 1776 magno
1321 1730 1433 1761 cum
1474 1723 1610 1762 metu
1647 1713 1833 1777 incipio

93 1801 287 1849 dicere:
326 1800 775 1863 quotienscumque
802 1800 931 1860 dico,
960 1800 1143 1849 totiens
1169 1800 1291 1858 mihi
1317 1800 1490 1850 videor
1514 1802 1831 1870 iniudicium

90 1889 256 1941 venire
291 1906 395 1939 non
431 1889 616 1953 ingenii
653 1891 827 1949 solum,
855 1890 945 1938 sed
981 1889 1132 1938 etiam
1158 1889 1350 1939 virtutis
1388 1899 1539 1954 atque
1577 1891 1740 1952 officii,
1769 1909 1831 1940 ne
1904 1927 1909 1932 -

56 2029 58 2031 ,
90 1988 175 2028 aut
199 1980 250 2027 id
276 1978 693 2044 profiteriavidear,
718 1978 855 2041 quod
877 1995 979 2027 non
1000 1978 1201 2042 possim,
1225 1981 1363 2042 quod
1384 1990 1457 2029 est
1474 1979 1827 2042 impudentiae,
1858 1995 1920 2025 20

52 2124 57 2130 ,
89 2077 174 2116 aut
198 2084 301 2117 non
338 2067 390 2117 id
426 2068 631 2128 efficere,
661 2069 799 2131 quod
835 2067 1037 2131 possim,
1067 2069 1203 2130 quod
1240 2078 1315 2117 est
1351 2078 1437 2117 aut
1473 2071 1709 2132 perfidiae
1747 2080 1832 2119 aut

22 2304 57 2322 ἢ..

90 2157 444 2222 neglegentiae.
534 2159 580 2205 T
584 2175 666 2206 um
691 2174 808 2206 vero
835 2157 903 2206 ita
929 2175 1038 2206 sum
1063 2160 1390 2221 perturbatus,
1420 2168 1474 2208 ut
1500 2159 1669 2208 omnia
1694 2159 1832 2210 time-

89 2261 222 2294 rem:
272 2247 311 2294 si
351 2245 474 2294 nihil
513 2246 765 2306 dixissem,
810 2263 873 2295 ne
917 2246 1305 2298 infantissimus:
1362 2250 1401 2297 si
1439 2251 1595 2297 multa
1636 2249 1687 2298 in
1725 2249 1830 2299 eiu's

48 2365 56 2374 ·
90 2334 229 2383 modi
253 2351 403 2384 causa
428 2336 677 2396 dixissem,
706 2353 769 2385 ne
795 2336 1256 2399 impudentissimus
1283 2337 1602 2390 existimarer.

31 2485 64 2575 'x

155 2425 300 2472 XIX.
339 2426 532 2488 Collegi
569 2442 650 2474 me
686 2426 958 2489 aliquando
1001 2437 1050 2475 et
1092 2427 1162 2476 ita
1196 2427 1447 2487 constitui,
1493 2429 1684 2479 fortiter
1720 2447 1828 2480 esse
1855 2440 1913 2489 25

89 2514 373 2577 agendum3
407 2514 476 2563 illi
496 2515 659 2575 aetati,
689 2532 786 2578 qua
821 2525 925 2564 tum
963 2532 1112 2578 eram,
1152 2518 1310 2566 solere
1346 2518 1480 2567 laudi
1518 2519 1638 2582 dari,
1678 2520 1827 2574 etiam

89 2601 130 2649 si
165 2603 216 2650 in
252 2602 415 2651 minus
452 2603 602 2653 firmis
639 2604 800 2653 causis
838 2605 1097 2654 hominum
1133 2606 1363 2670 periculis
1400 2625 1502 2657 non
1540 2610 1821 2660 defuissem.

90 2690 268 2752 Itaque
309 2690 436 2740 feci:
472 2691 542 2740 sic
581 2693 813 2756 pugnavi,
842 2694 912 2743 sic
937 2695 1075 2744 omni
1117 2693 1309 2746 ratione
1352 2698 1611 2759 contendi,
1651 2698 1826 2757 siQad

61 2778 258 2854 *omnia
292 2780 506 2844 confugi,
535 2792 775 2844 quantum
807 2800 900 2847 ego
936 2784 1143 2848 adsequi
1177 2786 1330 2849 potui,
1368 2788 1589 2838 remedia
1625 2806 1684 2838 ac
1720 2807 1826 2853 per-

89 2866 220 2930 fugia
243 2885 515 2929 causarum,
542 2880 596 2919 ut
633 2872 742 2930 hoc,
771 2874 908 2935 quod
946 2873 1122 2923 timide
1159 2874 1340 2936 dicam,
1367 2888 1672 2928 consecutus
1709 2880 1818 2941 sim,
1848 2887 1912 2933 30

89 2971 153 3004 ne
189 2958 298 3019 quis
331 2956 400 3005 illi
434 2974 610 3008 causae
647 2970 910 3023 patronum
947 2963 1164 3026 defuisse
1206 2965 1530 3016 arbitraretur.
1604 2977 1684 3033 52.
1725 2970 1823 3018 Sed
1883 2983 1885 2986 ⁴

91 3046 408 3110 ut‘quicquid
433 3064 527 3111 ego
558 3051 999 3114 apprehenderam,
1027 3052 1193 3101 statim
1219 3064 1480 3105 accusator
1499 3060 1825 3121 extorquebat

93 3151 120 3183 e
145 3136 390 3187 manibus
465 3137 515 3188 Si
542 3139 880 3202 quaesiveram
907 3158 1035 3205 quae
1062 3142 1350 3195 inimicitiae
1376 3146 1683 3197 Scamandro
1707 3165 1822 3198 cum
