2106 3386
166 121 507 193 xxvn1.77]
575 122 728 176 PRo
767 122 837 174 A.
879 100 1294 176 C‘LUENTIO
1336 101 1661 174 ORATIO.
1829 134 1899 185 29

158 264 395 313 consulto
418 262 760 327 neglegentius
799 263 876 326 agi
902 261 1163 321 videretur,
1191 260 1296 324 ipse
1334 277 1361 309 e
1396 259 1600 324 publico
1624 259 1809 308 iudicio
1834 261 1900 322 ad

163 351 409 416 privatum
435 351 620 402 Staieni
646 351 888 401 iudicium
913 351 1165 414 profectus
1192 359 1266 399 est
1292 359 1342 399 et
1367 349 1490 398 illud
1525 365 1618 412 pro
1652 356 1900 412 potestate

164 440 346 490 dimitti
372 443 512 490 iussit
533 461 542 489 :
580 443 835 490 Staienum
858 442 964 504 ipse
988 440 1054 488 ad
1080 440 1316 488 subsellia
1339 438 1560 487 adduxit.
1647 444 1728 501 75.
1770 438 1901 487 Con-

163 530 372 594 surgitur
407 530 458 579 in
495 532 774 590 consilium,
802 545 914 578 cum
953 530 1226 578 sententias
1265 527 1590 591 Oppianicus,
1630 542 1760 590 quae
1798 534 1901 574 tum

163 628 266 668 erat
312 627 548 683 potestas,
601 620 783 698 palam·
808 617 922 668 ferri
962 619 1091 667 velle
1135 617 1357 676 dixisset,
1403 625 1458 665 ut
1499 617 1729 666 Staienus
1777 617 1900 663 scire
1963 630 1987 678 5

161 716 330 772 posset
355 709 477 771 quid
503 709 682 771 cuique
709 707 984 757 deberetur.
1083 708 1235 755 Varia
1270 706 1491 755 iudicum
1517 720 1727 768 genera:
1763 720 1903 752 num-

164 798 300 845 marii
339 798 502 859 pauci,
542 797 631 845 sed
668 812 842 844 omnes
891 797 1016 844 irati.
1089 797 1162 845 Ut
1210 796 1294 858 qui
1331 795 1558 865 accipere
1607 795 1654 841 in
1706 795 1902 856 Campo

162 895 479 946 consuerunt,
508 887 577 934 eis
615 884 909 944 candidatis,
943 900 1155 948 quorum
1194 899 1426 932 nummos
1463 898 1756 946 suppressos
1793 898 1900 930 esse

109 981 114 986 '
162 984 352 1038 putant,
381 975 704 1033 inimicissimi
731 976 895 1024 solent
930 991 1052 1035 esse,
1082 976 1153 1022 sic
1189 976 1293 1023 eius
1330 972 1470 1030 modi
1509 973 1700 1022 iudices
1737 971 1901 1021 infesti

162 1075 267 1113 tum
302 1081 388 1114 reo
423 1073 694 1114 venerant:
732 1066 883 1113 ceteri
920 1065 1331 1113 nocentissimum
1371 1079 1478 1112 esse
1515 1061 1896 1120 arbitrabantur,
1932 1077 1990 1107 10

162 1156 251 1204 sed
278 1156 632 1219 exspectabant
658 1154 928 1204 sententias
954 1171 1141 1215 eorum,
1169 1171 1296 1217 quos
1322 1162 1583 1217 corruptos
1619 1170 1726 1203 esse
1763 1162 1900 1216 puta-

164 1245 401 1306 bant,„ut
450 1260 508 1292 ex
555 1242 627 1292 eis
675 1243 1034 1293 constituerent
1082 1260 1111 1292 a
1158 1260 1260 1306 quo
1308 1242 1549 1291 iudicium
1610 1249 1899 1305 corruptum

162 1332 426 1382 videretur.
474 1366 479 1379 s.

230 1423 481 1471 XXVIII.
523 1423 655 1490 Ecce
682 1420 771 1471 tibi
797 1421 903 1472 eius
928 1420 1067 1471 modi
1094 1420 1298 1481 sortitio,
1322 1428 1377 1469 ut
1399 1421 1451 1483 in
1476 1419 1646 1483 primis
1668 1420 1831 1468 Bulbo
1851 1428 1900 1468 et

164 1512 366 1560 Staieno
424 1519 474 1560 et
533 1512 719 1560 Guttae
780 1519 911 1560 esset
970 1509 1312 1559 iudicandum.
1421 1512 1627 1559 Summa
1675 1507 1899 1558 omnium
1931 1520 1985 1568 15

162 1599 468 1664 exspectatio
516 1599 757 1662 quidnam
808 1598 1084 1649 sententiae
1130 1601 1310 1648 ferrent
1358 1600 1492 1662 lex-tes
1528 1615 1589 1646 ac
1636 1596 1901 1646 nummarii

162 1689 365 1739 iudices.
439 1692 605 1753 Atque
631 1688 700 1737 illi
726 1706 904 1738 omnes
930 1688 1036 1738 sine
1062 1689 1164 1737 ulla
1191 1686 1504 1737 dubitatione
1543 1688 1897 1736 condemnant.

162 1778 241 1844 76.
284 1778 388 1828 Hic
435 1789 541 1828 tum
590 1778 800 1828 iniectus
839 1787 913 1827 est
949 1777 1532 1851 hominibusnscrupulus
1569 1785 1618 1826 et
1654 1775 1902 1839 quaedam

164 1867 409 1918 dubitatio
446 1867 687 1932 quidnam
724 1877 854 1917 esset
889 1876 1072 1916 actum.
1147 1866 1348 1916 Deinde
1383 1865 1615 1916 homines
1653 1865 1904 1928 sapientes

163 1970 212 2007 et
246 1975 308 2008 ex
343 1967 509 2007 vetere
544 1957 628 2006 illa
664 1956 929 2021 disciplina
965 1955 1280 2017 iudiciorum,
1320 1956 1406 2020 qui
1443 1972 1608 2020 neque
1644 1956 1902 2004 absolvere
1930 1967 1991 1998 20

162 2046 419 2096 hominem
454 2046 867 2096 nocentissimum
915 2054 1119 2109 possent
1158 2062 1322 2107 neque
1359 2062 1492 2105 eum,
1533 2045 1597 2093 (le
1634 2061 1736 2108 quo
1774 2053 1903 2093 esset

164 2145 272 2186 orta
306 2135 538 2200 suspicio,
577 2135 791 2199 pecunia
827 2146 1186 2199 oppugnatum,
1224 2152 1276 2184 re
1318 2134 1400 2183 illa
1442 2134 1696 2198 incognita
1743 2133 1903 2203 primo

163 2226 498 2275 condemnare
523 2226 718 2285 vellent,
747 2239 860 2273 NON
887 2238 1124 2282 LIQUERE
1148 2223 1391 2273 dixerunt.
1466 2222 1711 2272 Nonnulli
1735 2231 1903 2271 autem

164 2313 319 2364 severi
343 2313 586 2374 homines,
613 2312 699 2377 qui
735 2314 833 2362 hoc
869 2321 1160 2373 statuerunt,
1190 2329 1292 2376 quo
1329 2311 1540 2375 quisque
1576 2311 1758 2360 animo»
1781 2312 1902 2375 quid

165 2405 346 2453 faceret
386 2402 604 2467 spectari*
647 2412 892 2466 oportere,
940 2401 1032 2453 etsi
1079 2404 1161 2451 alii
1210 2401 1426 2465 pecunia
1473 2410 1682 2464 accepta
1729 2417 1901 2450 verum
1930 2409 1988 2458 25

163 2493 465 2553 iudicabant,
503 2501 673 2542 tamen
709 2493 865 2559 nihilo
903 2492 1067 2541 minus
1105 2509 1157 2541 se
1195 2475 1533 2555 superioribus
1572 2492 1671 2539 suis
1708 2491 1903 2540 iudiciis

164 2576 390 2631 constare
437 2583 682 2645 putabant
728 2562 993 2645 oportere-z
1042 2583 1209 2644 itaque
1258 2581 1573 2629 damnarunt.
1666 2580 1903 2643 Quinque

165 2672 370 2720 omnino
404 2671 615 2731 fuerunt,
643 2672 727 2734 qui
765 2672 904 2719 illum
940 2679 1160 2719 vestrum
1197 2669 1522 2718 innocentem
1563 2668 1902 2732 Oppianicum

164 2758 265 2808 sive
285 2759 618 2822 imprudentia
642 2761 744 2808 sive
765 2759 1103 2808 misericordia
1140 2761 1242 2808 sive
1277 2759 1444 2822 aliqua
1479 2760 1763 2822 suspicione
1799 2760 1901 2808 sive

165 2846 440 2896 ambitione
464 2846 670 2897 adduc'ti
695 2850 1073 2916 absolverunts
1925 2858 1990 2904 30

231 2944 312 3001 77.
353 2938 703 2987 Condemnato
754 2938 1037 3002 Oppianico
1084 2939 1251 2986 statim
1311 2939 1366 2985 L.
1421 2936 1705 2999 Quinctius,
1747 2938 1901 2986 homo

165 3027 379 3074 maxime
403 3026 670 3089 popularis,
699 3026 786 3090 qui
805 3043 981 3077 omnes
1016 3042 1270 3075 rumorum
1307 3035 1356 3074 et
1392 3028 1688 3075 contionum
1723 3035 1901 3075 ventos

166 3113 398 3178 colligere
437 3124 738 3175 consuesset,
777 3117 997 3165 oblatam
1037 3115 1128 3182 sibi
1166 3115 1452 3164 facultatem
1490 3113 1696 3178 putavit,
1741 3123 1794 3163 ut
1841 3131 1902 3163 ex
