2106 3386
295 161 355 211 18
617 158 768 210 PRO
809 158 877 209 A.
922 157 1340 211 CLUENTIO
1383 157 1710 211 ORATIO.
1784 156 1928 226 [XVI.
1955 160 2026 223 48

239 355 249 365 ι
287 315 400 347 cum
441 297 634 346 Habito
660 307 735 346 est
768 299 1060 347 collocutus.
1137 298 1359 347 Habitus
1385 297 1550 346 statim
1588 313 1703 346 cum
1739 299 1807 346 M.
1840 296 2028 347 Baebio

287 395 529 446 senatore,
580 385 962 436 familiarissimo
1012 403 1116 448 suo,
1160 386 1581 436 communicavit:
1628 386 1713 450 qui
1765 403 1865 450 qua
1912 387 2027 447 fide,

288 492 387 538 qua
410 474 687 539 prudentia,
715 492 814 539 qua
833 475 1091 539 diligentia
1116 476 1260 525 fuerit
1287 475 1572 525 meminisse
1592 492 1679 524 vos
1697 475 1916 525 arbitror.
1970 475 2030 523 Ei
2105 501 2106 504 =

287 564 473 628 placuit
519 573 572 613 ut
628 563 909 628 Diogenem
960 564 1182 614 Habitus
1233 574 1420 614 emeret
1468 582 1497 612 a
1547 565 1882 628 Cleophanto,
1928 580 2030 627 quo

234 670 259 718 5
287 653 476 702 facilius
512 662 597 701 aut
633 654 1141 716 comprehenderetur
1178 671 1252 702 res
1292 653 1395 702 eius
1434 653 1620 702 indicio
1657 662 1740 702 aut
1765 655 1888 702 falsa
1923 669 2030 702 esse

286 751 682 806 cognosceretur.
747 744 826 790 Ne
851 744 1036 791 multa:
1065 742 1320 806 Diogenes
1346 742 1526 791 emitur
1549 758 1826 791 :venenum
1851 742 2030 792 diebus

286 832 456 894 paucis
500 840 846 894 comparatur:
895 831 1037 880 multi
1076 831 1165 879 viri
1207 831 1329 880 boni
1373 849 1486 879 cum
1531 847 1591 879 ex
1639 833 1840 881 occulto
1887 831 2033 880 inter-

287 919 553 980 venissent,
606 919 819 983 pecunia
868 920 1144 984 obsignata,
1197 937 1326 983 quae
1375 921 1442 969 ob
1492 936 1602 969 eam
1650 937 1753 970 rem
1801 921 2027 980 dabatur,

288 1011 337 1057 in
386 1010 618 1058 manibus
679 1009 971 1058 Scamandri
1022 1009 1183 1058 liberti
1235 1009 1575 1059 Fabriciorum
1625 1008 2029 1073 deprehenditur.

205 1117 263 1147 10
287 1098 365 1163 48.
406 1101 503 1146 Pro
542 1099 592 1148 di
642 1100 975 1149 immortales!
1097 1099 1432 1162 Oppianicum
1471 1099 1733 1163 quisquam
1770 1099 1846 1148 his
1883 1100 2031 1150 rebus

288 1187 498 1252 cognitis
524 1187 920 1237 circumventum
950 1205 1057 1238 esse
1084 1189 1259 1238 dicet?

356 1279 526 1326 XVII.
559 1276 686 1338 Quis
711 1293 950 1340 umquam
977 1277 1251 1326 audacior?
1276 1277 1384 1339 quis
1412 1277 1710 1327 nocentior?
1747 1277 1857 1340 quis
1893 1294 2030 1341 aper·
2102 1343 2106 1346 ς

290 1365 383 1416 tior
409 1365 460 1414 in
480 1365 720 1415 iudicium
739 1367 985 1416 adductus
1013 1369 1129 1416 est?
1190 1368 1341 1428 Quod
1368 1366 1637 1430 ingenium,
1661 1383 1790 1430 quae
1827 1367 2032 1415 facultas

290 1455 507 1517 dicendi,
536 1472 666 1519 quae
691 1472 720 1504 a
746 1472 1003 1518 quoquam
1030 1456 1309 1519 excogitata
1335 1455 1562 1505 defensio
1588 1455 1704 1505 huic
1728 1455 1814 1504 uni
1839 1455 2032 1504 crimini

206 1558 262 1608 15
290 1544 453 1609 potuit
489 1545 771 1594 obsistere?
841 1546 996 1594 Simul
1049 1553 1097 1593 et
1134 1543 1259 1594 illud
1297 1544 1407 1608 quis
1445 1554 1520 1594 est
1557 1543 1641 1607 qui
1683 1543 1876 1594 dubitet
1912 1544 2032 1608 quin
2079 1602 2083 1604 ς

290 1635 383 1682 hac
403 1651 454 1683 re
479 1642 736 1697 comperta
763 1633 1125 1696 manifesteque
1162 1634 1473 1696 deprehensa
1509 1634 1867 1684 aut'obeunda
1902 1649 2032 1683 mors
2093 1617 2099 1619 „

294 1722 530 1773 Cluentio
556 1732 640 1771 aut
665 1722 982 1787 suscipienda
1001 1724 1252 1772 accusatio
1279 1722 1460 1772 fuerit?

359 1824 472 1901 49..
485 1813 612 1901 Satis
649 1828 757 1861 esse
793 1812 1000 1861 arbitror
1035 1813 1448 1872 demonstratum,
1478 1810 1684 1872 iudices,
1713 1811 1784 1861 eis
1821 1811 2036 1860 crimini-

293 1902 387 1950 bus
434 1910 720 1949 accusatum
765 1918 873 1950 esse
922 1901 1277 1965 Oppianicum,
1316 1901 1387 1950 uti
1424 1903 1634 1951 honeste
1671 1900 1860 1950 absolvi
1897 1902 2034 1950 nullo
2086 1941 2106 1962 Ἴ

205 2007 267 2038 20
294 1991 448 2039 modo
473 1989 701 2053 potuerit.
766 1990 1073 2053 Cognoscite
1099 2007 1233 2039 nunc
1260 1991 1328 2039 ita
1347 2007 1487 2040 reum
1513 1990 1719 2040 citatum
1744 2007 1853 2040 esse
1878 1989 2030 2051 illum,

294 2088 348 2128 ut
372 2095 423 2128 re
449 2079 602 2127 semel
639 2087 790 2142 atque
827 2078 1002 2128 iterum
1042 2079 1384 2142 praeiudicata
1421 2080 1788 2128 condemnatus
1824 2079 1875 2128 in
1912 2079 2036 2128 iudi·
2092 2098 2106 2181 j}

293 2167 422 2216 cium
461 2168 661 2216 venerit.
739 2169 870 2216 Nam
909 2168 1186 2228 Cluentius,
1208 2168 1415 2228 iudices,
1454 2167 1667 2231 primum
1703 2184 1890 2218 nomen
1928 2167 2034 2218 eius
2090 2163 2106 2239 Γ]

293 2255 484 2316 detulit,
525 2256 665 2305 cuius
701 2256 752 2304 in
790 2257 1020 2305 manibus
1054 2274 1304 2307 venenum
1343 2256 1751 2320 deprehenderat.
1843 2259 1895 2306 Is
1933 2265 2037 2307 erat

293 2346 496 2395 libertus
524 2345 860 2395 Fabriciorum
887 2348 1205 2395 Scamander.
1283 2349 1535 2409 Integrum
1561 2345 1842 2406 consilium,
1864 2346 2035 2396 iudicii
2061 2338 2095 2413 45}

207 2449 264 2498 25
294 2434 509 2498 corrupti
534 2436 667 2483 nulla-
692 2434 932 2498 suspicio:
971 2434 1180 2499 simplex
1217 2435 1266 2483 in
1304 2435 1544 2484 iudicium
1582 2428 1745 2495 ca‘us'a,
1772 2420 1907 2484 certa
1941 2451 2032 2496 res,
2090 2446 2097 2455 ’·

294 2540 446 2572 unum
472 2523 659 2573 crimen
685 2524 906 2573 adlatum
932 2533 1016 2573 est.
1113 2523 1215 2573 Hic
1241 2533 1348 2573 tum
1375 2526 1431 2574 C.
1462 2523 1732 2584 Fabricius,
1760 2523 1814 2583 is,
1841 2524 1906 2573 de
1931 2539 2051 2588 quo⁴
2075 2523 2094 2596 Ϊἱ

294 2621 408 2662 ante
434 2612 550 2672 dixi,
582 2611 665 2675 qui
691 2612 870 2661 liberto
895 2613 1134 2662 damnato
1161 2611 1254 2661 sibi
1279 2612 1401 2662 illud
1436 2612 1725 2675 impendere
1759 2612 2032 2676 periculum
2078 2613 2084 2623 ‘

292 2701 497 2761 videret,
548 2702 686 2765 quod
734 2700 855 2750 mihi
902 2718 1016 2750 cum
1061 2701 1424 2751 Alatrinatibus
1471 2701 1776 2751 vicinitatem
1823 2710 1873 2751 et
1919 2717 2034 2751 cum
2073 2760 2075 2764 ς

293 2791 540 2855 plerisque
578 2807 749 2840 eorum
787 2808 1022 2854 magnum
1060 2807 1201 2840 usum
1241 2808 1349 2840 esse
1385 2790 1587 2851 sciebat,
1627 2793 1911 2855 frequentes
1946 2806 2032 2845 eos
2067 2796 2074 2836 i

204 2893 266 2940 30
293 2881 357 2930 ad
381 2897 461 2929 me
489 2881 694 2929 domum
719 2880 942 2930 adduxit.
974 2877 982 2891 '
1015 2881 1115 2943 Qui
1141 2897 1445 2944 quamquam
1474 2882 1537 2930 de
1563 2879 1784 2941 homine,
1801 2865 1929 2930 sicut
1952 2895 2033 2929 ne·
2063 2894 2065 2900 ‘

291 2987 429 3020 cesse
448 2979 565 3030 erat,
589 2969 951 3030 existimabant,
977 2978 1158 3030 tamen,
1178 2971 1315 3033 quod
1337 2979 1439 3018 erat
1459 2987 1519 3018 ex
1535 2970 1718 3019 eodem
1740 2967 2028 3032 municipiO,
2056 2962 2082 3022 ,³

292 3076 407 3108 suae
446 3059 699 3141 dignitatis
736 3076 844 3108 esse
881 3059 1250 3108 arbitrabantur
1274 3075 1389 3107 eum
1428 3057 1608 3121 quibus
1644 3051 1792 3108 rebus
1823 3063 2073 3120 possent

289 3150 583 3198 defendere:
621 3147 771 3211 idque
807 3165 835 3197 a
874 3164 953 3196 me
991 3157 1045 3196 ut
1069 3148 1285 3197 facerem
1324 3156 1371 3196 et
1411 3157 1464 3195 ut
1501 3164 1701 3197 causam
1739 3143 2061 3220 Scamandri,
