2106 3386
241 151 304 204 52
475 139 628 193 PRO
670 140 738 191 A.
783 139 1200 194 CLUENTIO
1242 140 1568 194 ORATIO.
1663 140 1852 209 [XLIX.
1885 154 1982 208 137

235 281 398 342 potuit
421 295 525 328 rem
551 279 771 328 delatam
797 281 901 328 eius
926 281 1066 329 modi
1092 279 1395 342 repudiare?
1431 298 1547 330 cum
1570 281 1795 331 tribunus
1819 281 1981 345 plebis

234 372 425 433 populo
472 372 726 419 concitato
775 386 879 419 rem
920 387 1083 434 paene
1120 371 1184 419 ad
1220 387 1397 420 manus
1433 380 1729 433 revocasset,
1757 387 1874 421 cum
1909 371 1983 422 vir

235 460 455 522 optimus
481 468 528 508 et
554 459 709 508 homo
734 459 1178 508 innocentissimus
1204 462 1423 522 pecunia
1446 460 1815 511 circumventus
1852 462 1983 511 dice—

234 557 380 608 retur,
432 566 545 598 cum
605 548 793 610 invidia
851 547 1079 613 flagraret
1112 550 1252 614 ¹ordo
1302 549 1594 610 senatorius,
1645 551 1810 615 potuit
1856 550 1983 600 nihil

184 650 209 698 5
236 639 480 688 decerni?
538 638 701 703 potuit
759 639 844 687 illa
913 641 1186 689 concitatio
1246 639 1581 689 multitudinis
1628 640 1736 689 sine
1784 657 1983 691 summo

235 728 458 791 periculo
478 730 546 777 rei
565 728 796 791 publicae
821 729 1071 792 repudiari
1092 732 1114 779 ?
1174 732 1239 777 At
1265 729 1388 792 quid
1413 738 1489 779 est
1513 730 1808 779 decretum?
1833 746 1983 794 quam

236 817 362 867 iuste
385 822 393 867 !
419 835 570 880 quam
593 817 867 881 sapienter!
893 834 1042 881 quam
1068 818 1333 881 diligenter
1358 822 1366 867 Σ
1393 833 1438 868 SI
1464 833 1557 878 QUI
1579 834 1731 879 SUNT,
1753 834 1983 876 QUORUM

237 923 409 956 OPERA
436 923 649 957 FACTUM
677 922 773 968 SIT,
803 922 873 956 UT
903 922 1157 957 IUDICIUM
1182 923 1453 958 PUBLICUM
1491 923 1982 959 CORRUMPERETUR.

238 999 419 1046 Utrum
456 998 652 1046 videtur
687 996 741 1046 id
778 1005 980 1046 senatus
1015 998 1202 1046 factum
1239 997 1474 1059 iudicare,
1497 1015 1575 1060 an,
1604 997 1870 1048 si-factum
1907 1000 1982 1060 sit,

155 1099 213 1129 10
238 1087 450 1135 moleste
476 1086 793 1149 graviterque
819 1088 983 1135 ferre?
1052 1086 1104 1136 Si
1140 1086 1247 1150 ipse
1285 1090 1344 1136 A.
1386 1089 1647 1138 Cluentius
1683 1088 1984 1137 sententiam

238 1177 301 1225 de
349 1175 546 1226 iudiciis
594 1186 862 1240 rogaretur,
901 1176 1050 1225 aliam
1086 1193 1189 1226 non
1227 1178 1430 1238 diceret,
1469 1186 1619 1241 atque
1657 1179 1702 1226 ei
1738 1177 1984 1238 dixerunt,

238 1283 448 1329 quorum
475 1266 736 1315 sententiis
756 1267 1045 1317 Cluentium
1072 1267 1466 1316 condemnatum
1492 1254 1602 1317 esse
1628 1266 1807 1317 dicitis.
1873 1275 1985 1333 137.

238 1358 338 1406 Sed
364 1373 549 1420 quaero
575 1374 604 1405 a
628 1356 772 1406 vobis
797 1372 921 1405 num
948 1358 1094 1405 istam
1119 1358 1282 1420 legem
1308 1373 1370 1432 eg<
1395 1356 1490 1406 isto
1516 1366 1719 1406 senatus
1755 1359 1986 1406 consulto

240 1448 291 1494 L.
324 1447 562 1495 Lucullus
589 1447 782 1506 consul,
822 1447 979 1494 homo
1017 1427 1428 1509 sapientissimus,
1456 1446 1656 1496 tulerit:
1692 1463 1815 1496 num
1851 1463 1988 1496 anno

157 1551 210 1599 15
237 1545 352 1599 post
380 1537 451 1583 M.
482 1536 723 1583 Lucullus
749 1544 799 1583 et
827 1537 883 1586 C.
913 1534 1130 1595 Cassius,
1159 1535 1209 1583 in
1247 1552 1373 1598 quos
1410 1544 1518 1584 tum
1555 1536 1790 1585 consules
1826 1535 1988 1599 desig-

238 1632 383 1672 natos
409 1622 545 1690 idem
570 1623 694 1672 illud
719 1632 921 1690 senatus
938 1624 1271 1694 decreverat?
1342 1624 1461 1672 Non
1487 1623 1706 1672 tulerunt
1730 1642 1740 1672 :
1777 1631 1825 1671 et
1851 1624 1987 1686 quod

239 1722 293 1760 tu
319 1711 501 1761 Habiti
525 1713 739 1776 pecunia
756 1695 952 1760 factum
978 1729 1087 1761 esse
1108 1711 1269 1775 arguis
1295 1727 1461 1775 neque
1498 1710 1551 1760 id
1574 1713 1674 1761 ulla
1697 1711 1988 1761 tenuissima

239 1802 524 1865 suspicione
549 1803 829 1863 confirmas,
857 1803 1046 1851 factum
1083 1810 1155 1851 est
1182 1801 1397 1864 primum
1433 1801 1628 1851 illorum
1665 1801 1916 1865 aequitate
1941 1811 1990 1851 et

241 1892 485 1956 sapientia
520 1894 798 1954 consulum,
827 1902 882 1942 ut
917 1892 982 1953 id,
1013 1893 1151 1955 quod
1194 1900 1395 1940 senatus
1438 1892 1725 1941 decreverat
1763 1892 1828 1941 ad
1864 1891 1989 1941 illud

157 2000 218 2031 20
240 1980 456 2030 invidiae
480 1997 718 2044 praesens
742 1982 1032 2030 incendium
1055 1979 1483 2044 restinguendum,
1504 1981 1557 2029 id
1581 1988 1758 2044 postea
1781 1980 1990 2030 referem

241 2073 364 2120 dum
406 2071 471 2119 ad
514 2051 758 2133 populum
800 2086 904 2119 non
943 2071 1309 2118 arbitrarentur.
1384 2071 1500 2132 Ipse
1544 2070 1728 2119 deinde
1774 2071 1989 2134 populus

244 2164 518 2219 Romanus,
547 2158 634 2222 qui
660 2160 713 2207 L.
746 2157 952 2221 Quincti
987 2157 1115 2207 fictis
1159 2157 1483 2221 querimoniis
1522 2167 1670 2208 antea
1708 2161 1988 2208 concitatus

241 2268 346 2300 rem
384 2251 520 2298 illam
559 2258 609 2298 et
650 2247 963 2311 rogationem
1006 2246 1262 2311 flagitarat,
1303 2247 1440 2297 idem
1483 2249 1540 2298 C.
1571 2247 1688 2296 Iuni
1718 2247 1820 2309 filii,
1849 2247 1989 2311 pueri

243 2340 448 2403 parvuli,
497 2337 714 2386 lacrimis
763 2345 1060 2397 commotus,
1106 2335 1326 2385 maximo
1374 2338 1594 2385 clamore
1642 2345 1693 2386 et
1740 2353 1988 2386 concursu

159 2443 218 2492 25
244 2437 402 2478 totam
427 2427 773 2491 quaestionem
797 2428 933 2475 illam
958 2435 1007 2475 et
1032 2428 1193 2489 legem
1232 2425 1526 2489 repudiavit.
1615 2425 1724 2490 138.
1769 2428 1845 2475 Ex
1887 2443 1989 2490 quo

245 2515 466 2579 intellegi
501 2515 663 2579 potuit
699 2514 768 2575 id,
808 2516 948 2578 quod
984 2530 1134 2577 saepe
1185 2513 1376 2563 dictum
1415 2523 1518 2562 est:
1567 2522 1622 2562 ut
1659 2530 1809 2574 mare,
1850 2515 1988 2578 quod

246 2621 336 2653 sua
362 2613 538 2653 natura
561 2603 884 2667 tranquillum
911 2602 986 2663 sit,
1015 2612 1279 2652 ventorum
1306 2602 1354 2652 vi
1391 2602 1565 2667 agitari
1599 2612 1751 2667 atque
1787 2604 1988 2665 turbari,

247 2693 317 2742 sic
342 2695 583 2757 populum
614 2696 903 2742 Romanum
941 2709 1029 2741 sua
1065 2701 1248 2755 sponte
1285 2708 1393 2741 esse
1428 2693 1699 2755 placatum,
1726 2692 1988 2742 hominurn

248 2783 600 2834 seditiosorum
625 2785 833 2833 vocibus
858 2793 913 2832 ut
931 2781 1300 2832 violentissimis
1326 2784 1706 2846 tempestatibus
1733 2782 1984 2833 concitari.

162 2884 224 2928 30
317 2874 370 2920 L
404 2874 492 2920 Est
519 2870 668 2920 etiam
688 2866 877 2934 reliqua
901 2884 1173 2933 permagna
1197 2867 1480 2928 auctoritas,
1503 2883 1654 2931 quam
1674 2883 1767 2932 ego
1786 2854 1991 2932 turpiter

247 2977 407 3025 paene
433 2959 690 3023 praeterii:
727 2976 840 3008 mea
866 2958 1000 3008 enim
1025 2973 1133 3007 esse
1153 2956 1347 3006 dicitur.
1413 2956 1661 3007 Recitavit
1685 2973 1747 3007 ex
1765 2957 1988 3007 oratione

249 3048 419 3098 neseio
445 3064 544 3111 qua
567 3047 767 3108 AcciuS,
796 3064 948 3111 quam
990 3063 1155 3097 meam
1198 3061 1306 3095 esse
1349 3045 1562 3106 dicebat,
1590 3044 1988 3096 cohortationem

251 3139 504 3201 quandam
539 3136 757 3185 iudicum
792 3136 855 3185 ad
891 3137 1103 3186 honeste
1136 3134 1462 3184 iudicandum
1489 3144 1536 3184 et
1561 3135 1990 3185 commemoratio-
