2106 3386
0 161 23 191 {

152 97 270 136 LIX.
307 84 428 151 164]
514 83 666 136 PRO
709 84 777 134 A.
823 81 1238 138 CLUENTIO
1280 82 1606 135 ORATIO.
1819 85 1886 148 63

149 223 245 272 hoc
269 240 383 283 cum
409 223 515 286 ipse
541 233 646 291 tum
673 221 779 272 eius
805 223 952 271 amici
988 221 1354 284 necessariique
1391 238 1565 271 omnes
1593 233 1883 285 cognorunt.

146 311 366 361 Anchari
401 321 450 361 et
488 313 672 360 Paceni
708 310 987 374 pastoribus
1030 309 1176 359 huius
1218 309 1420 374 vilicum
1470 310 1571 358 vim
1621 319 1669 359 et
1712 327 1889 359 manus

145 402 379 450 attulisse.
456 402 586 451 Cum
631 401 880 465 quaedam
923 401 973 447 in
1012 401 1235 460 callibus,
1274 408 1329 448 ut
1354 384 1512 459 solet,
1552 399 1890 449 controversia

145 499 398 553 pastorum
442 499 572 539 esset
622 498 744 550 orta,
782 487 962 538 Habiti
988 489 1136 549 ‚vilici
1169 506 1274 538 rem
1316 490 1507 538 domini
1557 498 1606 537 et
1646 490 1889 551 privatam

67 577 70 578 ⁷
143 582 508 644 possessionem
552 581 896 629 defenderunt.
993 581 1126 629 Cum
1175 588 1307 628 esset
1355 580 1691 641 expostulatio
1739 580 1885 639 facta,
1947 586 1970 632 5

141 686 291 719 causa
314 669 408 719 illis
435 670 785 729 demonstrata,
810 668 916 717 sine
941 667 1128 717 iudicio
1153 669 1590 732 controversiaque
1611 668 1886 717 discessum

143 768 230 810 est.
324 758 439 812 162.
479 762 531 808 P.
560 758 673 808 Aeli
707 766 1007 807 testamento
1044 757 1357 822 propinquus
1396 759 1730 807 exheredatus
1768 776 1884 807 cum

139 857 286 909 esset,
335 850 477 898 heres
526 848 609 896 hic
656 846 865 921 alie-nior
905 846 1158 896 institutus
1202 857 1288 897 est.
1381 848 1433 894 P.
1490 845 1663 896 Aelius
1705 849 1884 897 Habiti

139 937 316 987 merito
341 939 472 998 fecit,
501 953 666 1001 neque
692 918 851 985 hic*in
877 945 1180 986 testamento
1206 937 1439 986 faciendo
1466 936 1701 997 interfuit,
1730 938 1883 1001 idque

138 1036 506 1096 testamentum·
541 1028 604 1075 ab
653 1025 798 1075 huius
847 1026 1053 1075 inimico
1097 1027 1382 1089 Oppianico
1431 1034 1505 1074 est
1548 1027 1879 1090 obsignatum.
1912 1042 1970 1072 10

137 1117 286 1165 Floro
326 1117 542 1179 legatum
582 1131 644 1163 ex
682 1124 981 1178 testamento
1020 1116 1285 1164 infitiatum
1325 1131 1445 1164 esse.
1524 1117 1643 1164 Non
1682 1125 1756 1165 est
1797 1116 1878 1166 ita.

135 1206 236 1255 Sed
289 1221 405 1254 cum
455 1207 544 1254 HS
593 1224 686 1263 ᾖε(
734 1203 917 1267 scripta
965 1214 1131 1254 essent
1178 1221 1270 1268 pro
1332 1206 1420 1253 HS
1473 1213 1570 1265 δεῖ,
1620 1222 1786 1270 neque
1836 1209 1882 1256 ei

135 1303 335 1344 cautum
371 1296 488 1344 satis
525 1295 788 1354 videretur,
828 1292 985 1342 voluit
1023 1310 1136 1342 eum
1172 1293 1362 1357 aliquid
1398 1302 1660 1357 acceptum
1697 1297 1879 1345 referre

133 1383 415 1433 liberalitati
441 1399 570 1432 suae.
637 1382 804 1432 Primo
825 1382 1007 1432 debere
1026 1382 1226 1447 negavit
1246 1402 1256 1432 :
1281 1391 1395 1446 post
1416 1383 1522 1431 sine
1543 1384 1879 1434 controversia

134 1474 295 1522 solvit.
368 1474 458 1523 Cei
485 1473 746 1522 cuiusdam
773 1471 1010 1521 Samnitis
1044 1489 1252 1522 uxorem
1299 1482 1414 1536 post
1455 1472 1642 1521 bellum
1678 1475 1742 1523 ab
1780 1475 1878 1524 hoc
1907 1485 1961 1533 15

134 1578 241 1611 esse
282 1560 560 1625 repetitam.
665 1560 932 1610 Mulierem
976 1578 1090 1610 cum
1126 1561 1329 1611 emisset
1372 1579 1401 1611 a
1448 1564 1736 1622 sectoribUS,
1778 1579 1879 1625 quo

133 1659 357 1714 tempore
383 1667 494 1700 eam
519 1651 734 1713 primum
759 1650 967 1699 liberam
992 1667 1101 1700 esse
1126 1651 1328 1712 audivit,
1353 1651 1458 1701 sine
1495 1653 1681 1701 iudicio
1717 1653 1879 1701 reddi-

130 1740 205 1789 dit
229 1741 367 1791 Ceio.
459 1738 571 1805 163.
612 1741 832 1788 Ennium
871 1756 979 1789 esse
1029 1741 1299 1803 quendam,
1339 1740 1477 1790 cuius
1526 1742 1660 1790 bona
1708 1750 1877 1790 teneat

132 1829 364 1878 Habitus.
441 1831 532 1878 Est
570 1829 651 1877 hic
692 1830 882 1878 Ennius
922 1845 1074 1893 egens
1123 1829 1328 1892 quidam
1377 1832 1722 1890 calumniator,
1752 1846 1876 1879 mer-

130 1917 358 1967 cenarius
408 1918 693 1982 Oppianici,
747 1917 833 1981 qui
884 1919 1160 1982 permultos
1214 1935 1372 1968 annos
1422 1897 1640 1983 quievit:
1690 1918 1873 1969 deinde
1901 1934 1961 1964 20

128 2007 400 2071 aliquando
427 2024 543 2056 cum
569 2010 718 2058 servis
746 2007 925 2058 Habiti
944 2010 1058 2058 furti
1095 2008 1194 2072 egit
1220 2028 1229 2057 :
1267 2026 1427 2073 nuper
1452 2011 1515 2059 ab
1542 2009 1650 2074 ipso
1679 2012 1873 2059 Habito

127 2105 296 2160 petere
338 2098 517 2161 coepit.
596 2098 698 2145 Hic
739 2099 825 2146 illo
867 2075 1059 2161 privato
1098 2080 1299 2159 iudicio,
1343 2101 1465 2147 mihi
1505 2099 1708 2159 credite,
1728 2099 1871 2150 vobis

43 2180 50 2183 ’
126 2185 286 2235 isdem
310 2187 516 2236 fortasse
536 2186 772 2250 patroniS,
796 2188 1099 2236 calumniam
1119 2203 1222 2236 non
1242 2187 1456 2251 effugiet.
1507 2190 1677 2251 Atque
1704 2188 1868 2249 etiam,

0 3337 51 3386 ἑὲ
60 3367 63 3369 Δ

127 2282 181 2323 ut
221 2274 367 2325 nobis
407 2275 729 2336 renuntiatur,
777 2276 1036 2326 hominem
1083 2278 1354 2326 multorum
1404 2278 1670 2340 hospitum,
1699 2279 1870 2327 Ambi-

126 2362 258 2412 vium
286 2365 558 2427 quendam,
587 2381 837 2428 coponem
875 2367 940 2415 de
974 2365 1055 2414 via
1083 2367 1288 2425 Latina,
1327 2366 1623 2428 subornatis,
1651 2368 1738 2431 qui
1775 2367 1869 2417 sibi
1895 2377 1953 2426 25

126 2467 156 2500 a
179 2453 415 2504 Cluentio
441 2453 694 2518 servisque
720 2454 824 2504 eius
851 2455 900 2503 in
927 2456 1135 2505 taberna
1175 2472 1263 2504 sua
1300 2473 1478 2505 manus
1521 2457 1714 2506 adlatas
1758 2473 1868 2507 esse

125 2539 270 2591 dicat.
346 2544 464 2605 Quo
489 2543 554 2593 de
578 2543 783 2594 homine
807 2544 931 2593 nihil
955 2544 1107 2594 etiam
1132 2562 1266 2593 nunc
1293 2545 1458 2594 dicere
1495 2547 1638 2595 nobis
1675 2555 1750 2595 est
1785 2563 1868 2596 ne-

124 2645 276 2679 cesse.
350 2631 401 2680 Si
425 2632 716 2692 invitaverit,
744 2634 796 2682 id
821 2635 960 2697 quod
986 2636 1126 2694 solet,
1156 2636 1225 2682 sic
1249 2635 1506 2682 hominem
1544 2635 1862 2699 accipiemus,

123 2726 177 2766 ut
218 2720 428 2768 moleste
452 2721 576 2769 ferat
601 2738 654 2770 se
680 2723 743 2771 de
762 2722 843 2770 via
879 2724 1166 2772 decessisse.
1235 2721 1347 2787 164.
1388 2724 1616 2784 Habetis,
1657 2723 1863 2786 iudices,

103 2817 254 2870 *quae
292 2806 344 2855 in
377 2816 534 2856 totam
559 2810 710 2858 vitam
748 2811 813 2860 de
850 2813 1070 2861 moribus
1107 2815 1165 2860 A.
1207 2812 1421 2872 Cluenti,
1449 2829 1598 2876 quem
1635 2813 1704 2861 illi
1747 2814 1865 2862 invi·
1888 2826 1951 2870 30

108 2893 320 2944 'diosum
362 2912 469 2945 esse
502 2913 641 2946 reum
687 2901 876 2959 volunt,
918 2917 1078 2950 annos
1117 2909 1235 2949 octo
1278 2899 1505 2950 meditati
1547 2911 1863 2952 accusatores

123 2984 442 3048 collegerunt.
504 3006 508 3009 ’
542 2988 709 3050 Quam
735 2988 864 3037 levia
888 3005 1070 3052 genere
1096 2988 1206 3051 ipso
1229 2992 1237 3037 1
1274 3005 1425 3051 quam
1451 2991 1573 3040 falsa
1597 2995 1672 3040 re!
1710 3008 1861 3054 quam

123 3070 291 3122 brevia
316 3090 556 3137 responsu
580 3078 588 3122 1
