2106 3386
190 144 193 148 “
237 152 305 206 72
460 139 615 192 PRO
658 139 726 190 A.
771 139 1191 193 CLUENTIO
1231 139 1557 193 ORATIO.
1663 140 1852 208 [LXVI.
1887 141 1988 194 188

235 279 450 343 tempori
475 279 703 329 debuisti.
768 281 902 327 Nam
928 281 1215 328 Stratonem
1241 278 1461 341 quidem,
1489 278 1695 339 iudices,
1718 280 1770 327 in
1787 294 1988 330 crucem

236 386 345 419 esse
387 378 555 418 actum
600 377 800 418 exsecta
839 368 1018 418 scitote
1056 368 1262 431 lingua:
1312 368 1450 431 quod
1491 384 1644 417 nemo
1681 367 1987 417 Larinatium

236 468 311 508 est
336 457 424 523 qui
446 458 652 507 nesciat.
713 459 905 506 Timuit
929 456 1105 506 mulier
1129 473 1304 505 amens
1327 473 1432 505 non
1452 473 1591 505 suam
1611 457 1988 516 conscientiam,

235 564 339 597 non
364 549 538 597 odium
564 546 892 610 municipum,
932 563 1036 596 non
1076 548 1262 595 famam
1304 544 1545 606 omnium,
1589 547 1679 595 sed
1719 545 1862 610 quasi
1886 561 1989 595 non

181 649 207 699 5
237 652 413 686 omnes
452 635 557 685 eius
598 634 797 684 sceleris
836 643 987 683 testes
1028 644 1194 683 essent
1240 633 1401 693 futuri,
1448 634 1518 682 sic
1555 633 1748 694 metuit,
1786 650 1850 683 ne
1875 649 1992 684 con-

236 725 555 774 demnaretur
580 733 803 772 extrema
827 725 1006 773 servuli
1030 740 1153 772 voce
1174 723 1443 772 morientis.

308 813 417 865 188.
462 814 615 874 Quod
659 813 759 861 hoc
792 821 1096 875 portentum,
1138 812 1189 860 di
1225 812 1562 860 immortales!
1611 813 1749 875 quod
1796 820 1991 860 tantum

236 913 513 952 monstrum
539 904 590 950 in
616 901 727 950 ullis
753 901 893 962 locis,
922 903 1059 965 quod
1085 911 1186 951 tarn
1212 902 1451 950 infestum
1488 903 1650 950 scelus
1686 911 1737 950 et
1771 902 1991 950 immane

235 1001 319 1041 aut
359 994 496 1041 unde
537 1000 711 1040 natum
749 1007 858 1040 esse
901 992 1167 1041 dicamus?
1208 994 1318 1040 Iam
1361 991 1496 1040 enim
1538 990 1716 1041 videtis
1751 991 1992 1054 profecto,

152 1093 212 1123 10
236 1081 442 1142 iudices,
469 1098 573 1130 non
600 1081 707 1130 sine
732 1081 1023 1130 necessariis
1066 1097 1148 1130 me
1187 1098 1247 1130 ac
1289 1080 1519 1129 maximis
1545 1080 1707 1130 causis
1743 1079 1992 1144 principio

237 1171 475 1222 orationis
500 1188 643 1220 meae
668 1172 732 1220 de
769 1180 927 1220 matre
951 1172 1150 1220 dixisse.
1225 1170 1367 1220 Nihil
1409 1179 1485 1220 est
1527 1170 1661 1220 enim
1697 1169 1830 1231 mali,
1869 1169 1992 1219 nihil

237 1261 450 1321 sceleris,
503 1263 644 1324 quod
691 1261 776 1310 illa
821 1278 926 1311 non
985 1263 1048 1310 ab
1096 1260 1242 1310 initio
1288 1261 1392 1311 filio
1450 1260 1676 1322 voluerit,
1729 1259 1992 1324 optaverit,

236 1350 540 1414 cogitaverit,
569 1350 803 1400 effecerit.
878 1350 1031 1400 Mitto
1069 1350 1206 1399 illam
1245 1350 1458 1414 primam
1495 1349 1717 1399 libidinis
1742 1348 1994 1409 iniuriam,

236 1441 380 1490 mitto
419 1441 630 1491 nefarias
668 1442 837 1505 generi
879 1441 1096 1505 nuptias,
1137 1442 1281 1490 mitto
1320 1439 1597 1504 cupiditate
1632 1439 1803 1488 matris
1828 1439 1997 1502 expul-

153 1539 209 1589 15
238 1547 344 1580 sam
387 1548 448 1580 ex
490 1530 811 1580 matrimonio
847 1530 1032 1580 filiam:
1073 1546 1202 1593 quae
1243 1529 1473 1579 nondum
1515 1529 1580 1578 ad
1615 1528 1821 1578 huiusce
1861 1527 1995 1577 vitae

236 1620 530 1684 periculum,
577 1621 667 1670 sed
709 1621 774 1669 ad
823 1636 1092 1670 commune
1140 1618 1358 1668 familiae
1400 1619 1620 1668 dedecus
1662 1617 1994 1680 pertinebant.

238 1709 379 1759 Nihil
405 1711 468 1759 de
509 1710 676 1759 alteris
717 1709 988 1774 Oppianici
1025 1709 1214 1772 nuptiis
1252 1725 1466 1771 queror:
1508 1724 1719 1771 quarum
1757 1706 1840 1756 illa
1876 1723 1994 1755 cum

238 1799 441 1850 obsides
488 1800 616 1849 filios
675 1802 739 1849 ab
799 1817 861 1849 eo
909 1809 1133 1849 mortuos
1180 1798 1472 1862 accepisset,
1521 1807 1630 1847 tum
1676 1798 1895 1860 denique
1941 1795 1995 1845 in

237 1888 455 1937 familiae
478 1890 668 1937 luctum
691 1898 840 1951 atque
865 1888 915 1936 in
936 1888 1276 1952 privignorum
1296 1889 1445 1936 funus
1465 1886 1647 1949 nupsit.
1712 1888 1991 1945 Praetereo,

152 2001 216 2032 20
240 1979 379 2040 quod
402 1980 462 2026 A.
492 1977 717 2037 Aurium,
746 1978 885 2026 cuius
911 1979 995 2026 illa
1021 1977 1279 2040 quondam
1316 1992 1503 2035 socrus,
1530 1976 1681 2038 paulo
1717 1983 1835 2024 ante
1870 1989 1996 2023 uxor

240 2068 427 2129 fuisset,
471 2085 587 2116 cum
631 2066 902 2131 Oppianici
945 2083 1055 2115 esse
1097 2082 1250 2130 opera
1290 2064 1625 2129 proscriptum
1668 2063 1993 2126 occisumque

239 2166 522 2221 cognosset,
551 2174 663 2206 eam
690 2156 784 2205 sibi
811 2155 1019 2204 domum
1045 2155 1321 2217 sedemque
1359 2153 1558 2217 delegit,
1585 2152 1638 2201 in
1674 2168 1772 2215 qua
1808 2150 1998 2200 cotidie

241 2246 507 2310 superioris
553 2246 644 2295 viri
692 2245 865 2294 mortis
913 2243 1100 2294 indicia
1148 2253 1198 2293 et
1246 2243 1406 2307 spolia
1453 2244 1763 2290 fortunarum
1798 2239 1990 2290 viderit.

244 2335 355 2400 189.
399 2336 533 2384 Illud
569 2333 786 2397 primum
813 2349 994 2396 queror
1018 2332 1081 2381 de
1118 2331 1206 2381 illo
1231 2332 1433 2391 scelere,
1460 2330 1600 2393 quod
1614 2344 1750 2378 nunc
1776 2329 1997 2392 denique

154 2444 214 2494 25
240 2427 546 2488 patefactum
593 2433 684 2484 est,
735 2422 1020 2472 Fabriciani
1066 2420 1458 2483 veneni—quod
1505 2420 1606 2468 iam
1664 2419 1793 2467 tum'
1820 2433 1997 2467 recens

240 2514 573 2578 suspiciosum
608 2513 799 2572 ceteris,
828 2512 945 2561 huic
969 2510 1279 2570 incredibile,
1305 2525 1440 2557 nunc
1475 2524 1593 2557 vero
1630 2515 1860 2570 apertum
1895 2504 1995 2554 iarn

241 2604 475 2652 omnibus
523 2621 582 2652 ac
624 2602 946 2651 manifestum
992 2600 1360 2650 videtur—non
1409 2606 1484 2647 est
1531 2597 1758 2661 profecto
1797 2597 1862 2645 de
1909 2593 1998 2644 illo

241 2709 439 2742 veneno
482 2694 642 2741 celata
683 2700 871 2740 mater:
908 2689 1032 2738 nihil
1075 2697 1149 2738 est
1187 2689 1252 2736 ab
1296 2685 1582 2750 Oppianico
1630 2683 1737 2734 sine
1785 2682 1998 2734 consilio

242 2781 462 2830 mulieris
501 2781 804 2843 cogitatum:
842 2779 982 2842 quod
1025 2777 1066 2826 si
1105 2785 1250 2836 esset,
1293 2784 1427 2824 certe
1466 2782 1656 2836 postea,
1683 2771 1997 2836 deprehensa

153 2888 218 2935 30
242 2888 309 2931 re,
354 2886 459 2919 non
501 2869 585 2917 illa
623 2878 677 2917 ut
718 2886 747 2917 a
787 2867 893 2917 viro
933 2866 1165 2930 improbo
1205 2863 1534 2923 discessisset,
1563 2861 1653 2911 sed
1679 2869 1734 2910 ut
1758 2877 1789 2909 a
1824 2858 1997 2908 crude-

242 2959 431 3009 lissimo
480 2959 625 3006 hoste
674 2956 878 3019 fugisset
918 2956 1229 3017 domumque
1277 2952 1413 3000 illam
1452 2950 1504 2999 in
1551 2957 1851 3013 perpetuum
1893 2961 1996 2995 sce-

242 3050 402 3099 lerum
427 3046 655 3096 omnium
681 3047 986 3095 adfluentem
1012 3042 1305 3106 reliquisset.
1361 3051 1472 3106 190.
1500 3041 1619 3089 Non
1639 3038 1795 3087 modo
1813 3035 1865 3084 id
1890 3050 1994 3084 non

242 3139 373 3197 fecit,
402 3136 492 3185 sed
518 3136 581 3184 ab
624 3135 711 3183 illo
753 3143 979 3197 tempore
1019 3131 1212 3180 nullum
1252 3130 1419 3179 locum
1445 3123 1788 3191 praetermisit,
1817 3124 1869 3172 in
1894 3138 1996 3186 quo
