2106 3386
274 125 347 188 64
568 123 722 176 PRO
764 123 832 174 A.
876 123 1293 177 CLUENTIO
1337 123 1660 176 ORATIO.
1760 123 1880 191 [LX.
1916 123 2008 189 165

345 266 451 312 LX.
489 262 794 326 Cognoscite
830 280 965 312 nunc
1002 263 1070 325 id,
1109 264 1248 326 quod
1284 264 1350 311 ad
1385 271 1600 311 vestrum
1637 262 1713 325 ius
1750 263 2016 319 iurandum

276 353 506 417 pertinet,
534 355 672 415 quod
698 352 849 402 vestri
874 351 1045 400 iudicii
1070 361 1158 412 est,
1186 353 1325 415 quod
1342 350 1485 401 vobis
1510 351 1674 401 oneris
1699 351 1934 416 imposuit
1960 369 2018 401 ea

277 443 370 502 lex,
415 460 514 506 qua
560 442 723 492 coacti
771 443 868 490 huc
916 430 1235 502 convenistis,
1280 442 1344 490 de
1387 439 1677 503 criminibus
1718 441 1928 490 veneni:
1965 450 2021 490 ut
2090 477 2098 483 -

280 547 456 580 omnes
505 532 796 593 intellegant
832 546 985 592 quam
1022 531 1192 592 paucis
1229 530 1392 577 verbis
1441 529 1566 577 haec
1614 544 1764 578 causa
1803 528 2022 592 perorari

230 634 254 682 5
282 619 500 683 potuerit
525 629 575 669 et
600 635 750 682 quam
775 620 931 667 multa
950 636 978 667 a
1004 634 1083 667 me
1110 617 1244 666 dicta
1281 615 1393 674 sint,
1421 633 1549 679 quae
1586 617 1651 665 ad
1687 616 1830 666 huius
1854 619 2023 666 volun-

281 718 433 757 tatem
462 708 692 768 maxime,
721 709 787 756 ad
811 717 1028 756 vestrum
1053 705 1299 755 iudicium
1336 705 1543 754 minime
1567 705 1885 769 pertinerent.

353 797 465 862 165.
506 797 777 848 Obiectum
812 806 887 845 est
923 795 1129 845 Vibium
1167 794 1530 858 Cappadocem
1566 796 1630 844 ab
1666 795 1764 844 hoc
1812 798 1869 844 A.
1914 796 2028 846 Clu-

283 887 418 935 entio
444 901 640 934 veneno
665 901 774 934 esse
800 885 1061 934 sublatum.
1160 884 1460 946 Opportune
1485 884 1630 932 adest
1655 883 1808 934 homo
1835 900 2029 933 summa

283 975 383 1023 fide
433 983 481 1023 et
530 974 667 1023 omni
706 974 885 1022 virtute
933 972 1204 1036 praeditu5‚
1248 974 1300 1020 L.
1350 973 1641 1032 Plaetorius,
1684 981 1895 1032 senator,
1942 972 2028 1036 qui

202 1082 261 1112 10
284 1063 414 1112 illius
438 1063 557 1112 Vibi
576 1066 759 1126 hospes
784 1063 875 1112 fuit
901 1071 950 1112 et
990 1061 1256 1111 familiaris.
1331 1063 1487 1124 Apud
1529 1062 1665 1110 hunc
1705 1061 1789 1111 ille
1833 1064 2029 1112 Romae

285 1152 540 1211 habitavit,
568 1154 702 1216 apud
728 1153 864 1200 hunc
890 1152 1177 1215 aegrotavit,
1205 1149 1353 1199 huius
1379 1149 1520 1199 domi
1546 1160 1620 1199 est
1647 1159 1885 1200 mortuus.
1952 1151 2031 1199 In-

287 1251 522 1291 testatum
551 1242 667 1291 dico
694 1258 803 1291 esse
828 1250 1077 1291 mortuum
1113 1239 1585 1304 possessionemque
1623 1240 1730 1289 eius
1766 1242 2028 1300 bonorum,

288 1347 349 1378 ex
374 1330 542 1379 edicto
568 1330 820 1402 praetoris,
850 1329 980 1389 huic,
1008 1329 1139 1377 illius
1164 1327 1347 1377 sororis
1371 1328 1487 1388 filio,
1510 1328 1823 1378 adulescenti
1847 1329 2035 1392 puden-

289 1419 482 1469 tissimo
508 1429 557 1468 et
581 1419 632 1468 in
658 1419 830 1483 primis
855 1419 1083 1478 honesto,
1111 1418 1267 1481 equiti
1303 1421 1541 1467 Romano
1577 1417 1762 1479 datam,
1790 1417 2036 1467 Numerio

209 1525 262 1573 15
291 1509 541 1570 Cluentio,
571 1526 720 1572 quem
746 1508 939 1558 videtis.

361 1597 475 1652 166.
514 1601 742 1649 Alterum
783 1600 1012 1648 veneficii
1037 1598 1224 1646 crimen
1252 1598 1536 1660 Oppianico
1562 1598 1679 1645 huic
1714 1597 2036 1658 adulescenti,

294 1705 409 1737 curn
457 1690 562 1737 eius
604 1691 655 1737 in
698 1687 887 1751 nuptiis
937 1703 1076 1736 more
1115 1688 1426 1734 Larinatium
1470 1687 1742 1735 multitudo
1776 1687 2040 1735 hominurn

294 1778 572 1845 pranderet,
600 1793 849 1826 venenum
876 1778 1055 1824 Habiti
1080 1775 1293 1824 consilio
1319 1784 1545 1838 paratum
1570 1795 1580 1825 :
1623 1775 1675 1824 id
1700 1791 1817 1824 curn
1843 1775 2040 1824 daretur

296 1868 345 1915 in
380 1869 558 1926 mulSO,
600 1868 885 1916 Balbutium
923 1867 1192 1929 quendam,
1233 1867 1338 1914 eius
1364 1866 1671 1926 familiarem,
1700 1863 2038 1929 intercepisse,

212 1977 272 2008 20
295 1956 478 2014 bibisse
526 1956 794 2018 statimque
843 1971 950 2002 esse
998 1963 1264 2003 mortuum.
1341 1956 1462 2002 Hoc
1511 1970 1606 2018 ego
1642 1955 1682 2003 si
1719 1955 1790 2002 sic
1825 1969 2039 2017 agerem,
2098 1963 2101 1965 ’

297 2054 552 2108 tamquam
588 2045 707 2092 mihi
745 2046 932 2093 crimen
968 2053 1099 2092 esset
1136 2044 1446 2104 diluendum,
1498 2043 1621 2106 haec
1657 2044 1882 2106 pluribus
1920 2040 2045 2109 [ver-

297 2132 397 2200 bis]
445 2134 680 2194 dicerem,
732 2149 819 2195 per
867 2148 993 2194 quae
1042 2149 1175 2180 nunc
1223 2133 1394 2195 paucis
1440 2132 1677 2195 percurrit
1725 2133 1882 2181 oratio
1917 2148 2045 2182 mea.

303 2222 414 2288 167.
465 2225 603 2285 Quid
650 2239 889 2285 umquam
935 2223 1154 2270 Habitus
1202 2223 1254 2288 in
1289 2237 1343 2269 se
1379 2220 1592 2290 admisit,
1631 2230 1685 2269 ut
1721 2221 1819 2270 hoc
1853 2229 2073 2277 tantum

300 2315 363 2362 ab
401 2331 462 2362 eo
498 2315 689 2362 facinus
740 2329 843 2361 non
880 2312 1144 2375 abhorrere
1193 2311 1454 2360 videatur?
1491 2311 1614 2373 quid
1658 2320 1824 2360 autem
1861 2321 2074 2376 magnoi

216 2416 273 2464 25
301 2419 451 2465 opere
489 2402 822 2470 Oppianicum
859 2401 1128 2460 metuebat,
1155 2416 1271 2447 cum
1316 2400 1395 2448 ille
1419 2401 1625 2448 verbum
1652 2402 1860 2449 omnino
1885 2402 1935 2448 in
1956 2401 2050 2450 hac
2075 2397 2078 2403 ’

303 2495 409 2556 ipsa
456 2509 605 2541 causa
651 2492 843 2540 nullum
889 2492 1052 2539 facere
1099 2491 1329 2552 potuerit,
1381 2490 1497 2537 huic
1531 2497 1699 2539 autem
1736 2499 2049 2540 accusatores

303 2585 414 2632 viva
437 2592 592 2631 matre
620 2583 795 2631 deesse
821 2597 926 2630 non
951 2581 1184 2644 possint?
1222 2579 1273 2627 id
1293 2580 1431 2641 quod
1457 2580 1555 2631 iam
1582 2569 1892 2644 intellegetis.
1967 2583 2048 2629 An
2084 2582 2093 2592 “’

305 2677 363 2720 ut
387 2673 451 2721 de
476 2688 626 2720 causa
663 2672 766 2720 eius
802 2671 1007 2734 periculi
1043 2670 1166 2717 nihil
1203 2669 1483 2729 decederet,
1523 2669 1588 2717 ad
1623 2685 1828 2718 causam
1862 2684 2050 2718 novum

306 2763 495 2810 crimen
522 2761 825 2809 accederet?
861 2760 1015 2821 Quod
1041 2766 1207 2806 autem
1234 2766 1430 2820 tempus
1454 2759 1635 2806 veneni
1661 2759 1815 2808 dandi
1841 2759 1926 2807 illo
1951 2758 2048 2818 die,

220 2864 284 2909 30
308 2853 393 2899 illa
438 2851 756 2912 frequentia?
792 2865 880 2911 per
927 2864 1077 2911 quem
1126 2832 1296 2911 porro*
1326 2847 1540 2895 datum?
1576 2848 1712 2897 unde
1759 2841 2054 2921 sumptum?
2098 2887 2102 2892 .

310 2957 437 3005 quae
474 2940 660 2989 deinde
698 2939 992 3001 interceptio
1028 2938 1238 3000 poculi?
1274 2953 1361 2984 cur
1397 2953 1501 2986 non
1537 2937 1602 2986 de
1646 2937 1840 3002 integro
1885 2928 2106 2986 autems

312 3031 484 3079 datum
503 3033 526 3079 ?
563 3030 727 3077 Multa
752 3037 881 3088 sunt,
910 3044 1040 3090 quae
1067 3027 1166 3075 dici
1191 3035 1401 3090 possunt
1425 3046 1434 3075 z
1473 3027 1563 3075 sed
1602 3042 1704 3075 non
1739 3026 2051 3076 committam

312 3130 365 3169 ut
389 3121 559 3169 videar
585 3135 685 3167 non
713 3118 933 3166 dicendo
958 3117 1173 3166 voluisse
1211 3116 1377 3164 dicere
1403 3135 1412 3164 ε
1450 3132 1526 3164 res
1571 3117 1705 3164 enim
1741 3131 1795 3164 se
1830 3115 1940 3178 ipsa
1972 3114 2053 3163 de-
