2106 3386
256 146 328 212 76
477 146 632 199 PRo
674 147 741 198 A.
783 147 1201 201 CLUENTIO
1245 149 1571 202 ORATIO.
1697 150 1868 218 [Lxx.
1898 166 2000 220 199

254 295 533 350 noctesque
556 286 780 351 vigilaret
806 297 857 336 et
881 303 998 335 cum
1024 304 1104 336 me
1129 288 1261 336 hanc
1297 304 1502 337 causam
1540 290 1761 350 doceret,
1786 290 1838 338 in
1874 307 2002 340 mor-

252 377 374 424 bum
398 391 598 439 gravem
622 377 1063 439 periculosumque
1087 376 1263 431 incidit
1283 396 1293 425 :
1319 376 1370 424 in
1396 394 1497 440 quo
1517 386 1685 428 tamen
1710 395 1814 428 non
1838 379 2002 429 minus

254 464 319 514 de
343 463 507 527 capite
533 465 679 513 huius
706 480 857 527 quam
883 465 948 514 de
985 481 1074 513 sua
1097 465 1200 513 vita
1234 466 1441 514 laborat.
1515 468 1609 517 Cn.
1648 467 1829 516 Tudici
1866 484 2003 518 sena-

254 554 388 613 toris,
415 554 506 601 viri
531 553 709 616 optimi
734 562 783 602 et
807 553 1162 614 honestissimi,
1189 571 1278 617 par
1303 555 1526 604 studium
1552 572 1612 604 ex
1636 555 1927 606 testimonio
1951 566 2001 606 et

185 655 211 704 5
252 641 544 690 laudatione
579 641 904 704 cognoscetis.
993 643 1188 692 Eadem
1225 659 1329 705 spe,
1356 644 1445 693 sed
1481 644 1669 694 maiore
1703 645 2004 694 verecundia

256 729 319 779 de
355 739 418 789 te,
448 732 501 778 P.
529 731 785 792 Volumni,
814 729 1053 794 quoniam
1091 730 1244 780 iudex
1279 747 1332 780 es
1370 733 1420 779 in
1456 734 1514 780 A.
1557 731 1859 792 Cluentium,
1886 731 2004 782 dici-

253 834 377 867 mus.
453 820 533 877 Et,
561 834 625 867 ne
651 820 858 881 longum
884 818 960 879 sit,
984 819 1210 868 omnium
1234 818 1518 869 vicinorum
1543 837 1792 870 summam
1817 837 1927 871 esse
1951 823 2001 869 in
2030 812 2034 816 ⁵

254 908 388 956 hunc
447 907 853 956 benevolentiam
901 909 1269 957 confirmamus.
1382 920 1490 973 199.
1535 911 1735 958 Horum
1777 908 2001 958 omnium

255 997 492 1054 studium,
531 1011 718 1057 curam,
746 996 1056 1060 diligentiam
1093 1013 1367 1061 meumque
1403 1014 1504 1046 una
1538 999 1776 1058 laborem,
1814 1000 1901 1063 qui
1935 1007 2007 1048 to-

170 1099 230 1129 10
256 1094 358 1134 tam
396 1085 528 1134 hanc
565 1101 768 1134 causam
794 1094 961 1135 vetere
997 1085 1224 1135 instituto
1261 1088 1397 1135 solus
1422 1086 1663 1150 peroravi,
1688 1096 2004 1150 vestramque

254 1175 415 1234 simul,
442 1173 652 1234 iudiceS‚
690 1174 994 1238 aequitatem
1031 1184 1081 1224 et
1116 1175 1556 1226 mansuetudinem
1594 1193 1693 1225 una
1729 1184 1886 1226 mater
1921 1193 2008 1240 op-

253 1273 453 1328 pugnat.
528 1266 596 1312 At
621 1279 751 1326 quae
777 1273 933 1312 mater
950 1266 973 1313 ?
1068 1266 1238 1327 Quam
1263 1281 1468 1314 caecam
1505 1264 1801 1314 crudelitate
1828 1273 1878 1314 et
1902 1280 2006 1314 sce-

252 1354 352 1402 lere
390 1352 503 1402 ferri
529 1351 722 1413 videtis,
751 1354 893 1401 cuius
930 1352 1254 1416 cupiditatem
1293 1355 1436 1402 nulla
1471 1370 1710 1416 umquam
1746 1353 2004 1417 turpitudo

254 1440 539 1501 retardavit,
568 1457 699 1504 quae
724 1439 856 1505 vit-iis
893 1440 1048 1490 animi
1084 1443 1135 1490 in
1173 1441 1464 1491 deterrimas
1500 1451 1666 1505 partes
1701 1441 1809 1490 iura
1843 1441 2007 1492 homi-

169 1546 225 1595 15
252 1546 374 1598 num
411 1529 658 1579 convertit
695 1528 879 1604 omnia,
919 1529 1061 1579 cuius
1100 1514 1159 1579 ea
1206 1529 1417 1579 stultitia
1464 1540 1553 1591 est,
1592 1540 1647 1580 ut
1694 1547 1804 1580 eam
1852 1546 2005 1580 nemo

252 1600 623 1679 hominemJea
658 1618 748 1677 vis,
785 1628 839 1668 ut
876 1635 1028 1669 nemo
1065 1618 1320 1679 feminam,
1360 1636 1420 1670 ea
1456 1619 1737 1680 crudelitas,
1762 1628 1818 1670 ut
1852 1636 2005 1670 nemo

252 1718 463 1758 matrem
499 1710 753 1772 appellare
790 1710 960 1772 possit.
1035 1711 1205 1772 Atque
1242 1709 1394 1759 etiam
1430 1709 1638 1759 nomina
1673 1709 2002 1760 necessitudi-

250 1815 388 1859 num,
411 1814 516 1846 non
541 1799 704 1847 solum
742 1806 948 1846 naturae
984 1813 1172 1846 nomen
1197 1806 1247 1847 et
1266 1797 1373 1846 iura
1397 1797 1635 1847 mutavit:
1671 1814 1796 1848 uxor
1817 1799 2002 1862 generi,

252 1903 467 1937 noverca
491 1887 594 1950 filii,
619 1888 750 1936 filiae
775 1888 922 1949 pelex
942 1907 952 1936 ε
989 1903 1052 1937 eo
1077 1886 1176 1936 iam
1202 1887 1422 1950 denique
1458 1887 1678 1936 adducta
1702 1896 1791 1948 est,
1813 1887 1886 1937 uti
1908 1885 2005 1936 sibi

169 1990 231 2021 20
252 1987 449 2042 praeter
484 1978 694 2025 formam
753 1976 876 2024 nihil
924 1976 989 2024 ad
1038 1975 1422 2025 similitudinem
1469 1976 1688 2026 hominis
1729 1975 2002 2026 reservarit.

252 2077 368 2121 200.
416 2068 599 2129 Quare,
627 2065 838 2125 iudices,
865 2065 906 2114 si
942 2067 1106 2115 scelus
1150 2065 1342 2126 odistis,
1378 2065 1642 2128 prohibete
1677 2064 1871 2115 aditum
1906 2081 2008 2113 ma-

253 2156 339 2205 tris
365 2172 395 2205 a
418 2155 506 2204 filii
531 2154 790 2219 sanguine,
812 2154 928 2203 date
952 2154 1148 2218 parenti
1167 2156 1301 2204 hunc
1326 2153 1672 2204 incredibilem
1697 2155 1923 2204 dolorem
1949 2170 2008 2202 ex

253 2246 429 2303 salute,
455 2260 516 2292 ex
552 2242 761 2292 victoria
797 2242 1041 2292 liberum:
1077 2242 1305 2307 patimini
1341 2251 1566 2302 matrem,
1594 2258 1659 2291 ne
1694 2243 1873 2291 orbata.
1903 2241 2009 2291 filio

253 2335 478 2394 laetetur,
506 2332 689 2381 victam
714 2331 881 2395 potius
900 2340 1063 2380 vestra
1086 2330 1340 2395 aequitate
1365 2332 1638 2380 discedere.
1712 2329 1801 2403 Sin
1823 2339 2006 2391 autem,

170 2425 229 2476 25
255 2422 308 2472 id
333 2423 475 2485 quod
499 2431 662 2472 vestra
697 2431 876 2470 natura
910 2421 1145 2484 postulat,
1183 2421 1447 2484 pudorem,
1472 2418 1732 2468 veritatem
1755 2418 2008 2469 virtutem-

258 2529 357 2575 que
378 2510 596 2575 diligitis,
618 2512 781 2559 levate
797 2510 930 2558 hunc
949 2508 1223 2571 aliquando
1249 2509 1528 2572 supplicem
1546 2517 1780 2568 vestrum,
1802 2507 2007 2570 iudices,

257 2610 332 2651 tot
357 2617 517 2650 annos
542 2599 593 2649 in
619 2602 744 2648 falsa
769 2598 962 2648 invidia
995 2597 1327 2661 periculisque
1353 2607 1618 2658 versatum,
1645 2597 1730 2661 qui
1753 2614 1890 2647 nunc
1915 2599 2010 2662 pri-

257 2707 394 2739 mum
420 2699 534 2753 post
558 2690 695 2738 illam
730 2690 981 2737 flammam
1021 2687 1229 2736 aliorum
1264 2689 1397 2736 facto
1433 2695 1484 2735 et
1519 2685 1794 2749 cupiditate
1829 2686 2012 2736 excita-

257 2788 360 2828 tam
386 2795 474 2842 spe
503 2787 695 2827 vestrae
719 2775 981 2840 aequitatis
1006 2774 1192 2839 erigere
1217 2775 1440 2824 animum
1464 2784 1514 2824 et
1539 2776 1743 2838 paulum
1767 2773 2007 2838 respirare

170 2883 236 2931 30
259 2885 289 2917 a
313 2877 451 2917 metu
477 2867 657 2930 coepit,
687 2866 768 2914 cui
792 2865 957 2929 posita
982 2875 1098 2914 sunt
1123 2864 1174 2913 in
1199 2863 1343 2913 vobis
1370 2863 1554 2923 onmia,
1581 2880 1732 2927 quem
1758 2871 2004 2924 servatum

260 2971 369 3006 esse
393 2954 596 3019 plurimi
621 2954 843 3018 cupiunt,
872 2970 1065 3003 servare
1092 2953 1185 3001 soli
1209 2969 1298 3002 vos
1323 2951 1546 3015 potestis,
1629 2963 1744 3004 201.
1773 2952 1897 3002 Orat
1915 2966 2007 3000 vos

262 3044 498 3103 Habitus,
526 3044 731 3104 iudiceS,
780 3052 829 3093 et
871 3043 995 3092 flens
1038 3043 1282 3101 obsecrat,
1328 3057 1391 3089 ne
1435 3058 1487 3090 se
1526 3039 1758 3099 invidiae,
1786 3055 1913 3102 quae
1955 3037 2006 3087 in

262 3133 463 3184 iudiciis
488 3134 655 3183 valere
675 3149 780 3181 non
806 3133 972 3191 debet,
1001 3148 1064 3180 ne
1092 3130 1250 3190 matri,
1276 3130 1418 3178 cuius
1442 3139 1558 3178 vota
1583 3139 1632 3178 et
1657 3143 1829 3192 preces
1854 3143 1884 3176 a
1908 3143 2011 3177 ves·
