2106 3386
2 3230 24 3259 ²3:
0 3153 26 3217 Ἰῑῑῗῖἒ

170 136 385 177 LXVIII.
422 127 543 195 192]
614 125 768 178 PRO
811 125 877 176 A.
921 125 1339 179 CLUENTIO
1382 126 1705 181 ORATIO.
1845 141 1912 195 73

167 280 270 313 non
295 273 503 313 strueret
527 263 731 314 insidias
755 264 945 327 aliquas
969 281 1029 313 ac
1054 265 1161 314 dies
1199 281 1375 314 omnes
1411 274 1562 328 atque
1598 275 1772 315 noctes
1808 276 1915 316 tota

169 359 336 401 mente
378 360 536 400 mater
576 353 640 401 de
681 351 901 416 pernicie
942 351 1030 400 filii
1073 352 1329 416 cogitaret.
1419 354 1564 415 Quae
1606 353 1821 417 primum
1859 363 1913 403 ut

166 439 306 487 illum
345 440 661 489 confirmaret
700 439 1038 504 Oppianicum
1086 449 1430 490 accusatorem
1468 440 1573 490 filio
1620 458 1725 500 suo,
1767 440 1913 490 donis

167 527 468 587 muneribus,
495 528 829 578 collocatione
855 528 999 589 filiae,
1028 545 1116 592 spe
1141 528 1432 578 hereditatis
1459 529 1733 578 obstrinxit.

235 617 451 664 LXVII.
493 617 572 664 Ita
619 617 755 679 quod
803 617 937 680 apud
985 626 1180 666 ceteros
1227 616 1370 666 novis
1418 616 1548 666 inter
1604 617 1912 680 propinquos

164 703 406 767 susceptis
453 703 722 753 inimicitiis
770 721 919 768 saepe
966 706 1070 754 fieri
1118 705 1329 755 divortia
1386 715 1539 768 atque
1596 705 1912 755 adfinitatum

163 791 376 841 discidia
414 792 644 853 vidimus,
684 794 810 842 haec
850 793 1026 842 mulier
1065 793 1182 843 satis
1220 796 1419 843 firmum
1443 803 1785 844 accusatorem
1810 794 1912 843 filio

162 897 254 930 suo
279 881 384 930 fore
409 881 664 930 neminem
688 881 893 944 putavit,
920 881 1016 930 nisi
1061 883 1146 945 qui
1187 882 1238 930 in
1281 882 1655 932 matrimonium
1692 899 1911 932 sororem

163 969 270 1019 eius
294 979 443 1019 antea
467 970 701 1019 duxisset.
777 971 944 1022 Ceteri
962 971 1106 1020 novis
1125 971 1465 1022 adfinitatibus
1490 972 1697 1021 adducti
1720 981 1911 1022 veteres

163 1058 449 1108 inimicitias
509 1075 659 1123 saepe
719 1061 1008 1123 deponunt:
1079 1060 1163 1110 illa
1234 1061 1330 1110 sibi
1401 1063 1467 1111 ad
1539 1063 1910 1112 confirmandas

102 1145 105 1148 ’
162 1146 446 1196 inimicitias
493 1147 764 1197 adfinitatis
813 1149 1223 1199 coniunctionem
1282 1150 1478 1215 pignori
1534 1152 1642 1200 fore
1702 1151 1908 1214 putavit.

164 1249 276 1302 191.
315 1239 497 1300 Neque
532 1236 585 1285 in
622 1255 684 1287 eo
720 1240 883 1287 solum
932 1238 1145 1302 diligens
1194 1240 1299 1300 fuit,
1337 1249 1393 1288 ut
1428 1248 1771 1289 accusatorem
1809 1239 1910 1288 filio

161 1340 253 1374 suo
278 1334 603 1388 compararet,
626 1327 715 1375 sed
740 1327 892 1375 etiam
911 1326 1162 1391 cogitavit,
1187 1327 1364 1390 quibus
1390 1323 1506 1376 eum
1520 1329 1666 1377 rebus
1682 1337 1907 1378 armaret.

165 1413 302 1462 Hinc
328 1414 463 1464 enirn
486 1414 600 1464 illae
625 1415 1002 1465 sollicitationes
1029 1433 1281 1466 servorum
1307 1426 1356 1466 et
1380 1416 1527 1466 minis
1553 1426 1602 1466 et
1637 1416 1906 1480 promissis,

163 1502 278 1553 hinc
303 1502 416 1552 illae
440 1503 665 1554 infinitae
690 1505 1164 1568 crudelissimaeque
1190 1507 1254 1555 de
1280 1515 1440 1555 morte
1466 1505 1736 1569 Oppianici
1762 1522 1908 1570 quae-

159 1590 379 1641 stiones:
434 1592 616 1655 quibus
659 1595 812 1643 finem
860 1594 1135 1658 aliquando
1176 1610 1281 1644 non
1317 1594 1535 1644 mulieris
1583 1596 1779 1656 modus,
1818 1596 1908 1644 sed

157 1680 436 1730 amicorum
473 1682 740 1731 auctoritas
782 1683 914 1732 fecit.
1000 1684 1082 1732 Ab
1125 1684 1307 1732 eodem
1332 1684 1520 1732 scelere
1555 1683 1670 1732 illae
1695 1683 1909 1733 triennio

161 1777 278 1832 post
318 1769 521 1818 habitae
565 1769 734 1818 Larini
777 1770 1128 1833 quaestiones:
1184 1770 1409 1820 eiusdem
1454 1770 1705 1820 amentiae
1752 1773 1909 1820 falsae

157 1857 555 1920 conscriptiones
617 1859 1004 1922 quaestionum:
1064 1876 1124 1909 ex
1171 1861 1355 1910 eodem
1414 1861 1577 1910 furore
1624 1859 1776 1909 etiarn
1825 1860 1910 1909 illa

159 1947 502 1994 conscelerata
539 1948 761 1996 exsectio
798 1946 1032 2011 linguae:
1068 1947 1223 1997 totius
1271 1947 1492 2011 denique
1528 1947 1676 1997 huius
1724 1950 1788 1997 ab
1824 1948 1908 1998 illa

159 2043 234 2083 est
258 2043 310 2084 et
334 2034 539 2084 inventa
565 2045 613 2084 et
639 2037 882 2085 adornata
911 2036 1222 2100 comparatio
1247 2037 1480 2086 criminis.
1581 2049 1696 2102 192.
1738 2040 1906 2101 Atque

157 2122 232 2171 his
281 2124 428 2173 rebus
471 2140 587 2173 cum
636 2124 932 2174 instructum
980 2135 1325 2175 accusatorem
1375 2125 1479 2175 filio
1537 2143 1627 2175 suo
1686 2128 1904 2176 Romam

157 2209 387 2271 misisset,
431 2211 540 2275 ipsa
582 2213 835 2277 paulisper
872 2214 1332 2277 conquirendorum
1367 2223 1418 2264 et
1455 2214 1905 2263 conducendorum

155 2299 355 2348 testium
395 2316 548 2349 causa
591 2301 756 2350 Larini
799 2311 875 2352 est
917 2312 1254 2352 commorata:
1309 2312 1485 2366 postea
1532 2311 1712 2363 autem,
1753 2319 1904 2366 quam

152 2387 554 2452 appropinquare
579 2390 722 2439 huius
747 2391 988 2440 iudicium
1026 2393 1071 2441 ei
1096 2392 1381 2442 nuntiatum
1405 2402 1494 2453 est,
1517 2392 1780 2441 confestim
1804 2393 1904 2442 huc

155 2476 422 2536 advolavit,
466 2494 530 2527 ne
570 2487 657 2528 aut
699 2479 1070 2530 accusatoribus
1112 2481 1371 2545 diligentia
1411 2490 1496 2529 aut
1531 2480 1748 2544 pecunia
1772 2482 1906 2531 testi-

156 2564 249 2612 bus
302 2565 500 2615 deesset
558 2577 643 2616 aut
700 2584 766 2617 ne
824 2570 951 2618 forte
1011 2578 1169 2618 mater
1221 2571 1320 2619 hoc
1379 2569 1475 2619 sibi
1534 2570 1902 2634 optatissimum

157 2654 498 2715 spectaculum
540 2655 689 2705 huius
732 2657 955 2707 sordium
994 2667 1144 2721 atque
1193 2659 1355 2708 luctus
1398 2668 1447 2708 et
1489 2659 1617 2708 tanti
1658 2658 1902 2723 squaloris

153 2740 415 2790 amitteret.

1940 1083 2002 1114 10

1938 1521 1995 1568 15

1933 1970 1997 2002 20

227 2830 473 2879 LXVIII.
517 2833 627 2880 Iam
660 2849 779 2882 vero
805 2835 943 2897 quod
978 2836 1071 2883 iter
1110 2837 1328 2883 Romam
1366 2835 1471 2885 eius
1509 2836 1726 2885 mulieris
1750 2835 1900 2885 fuisse
1923 2848 2009 2894 30-

158 2917 488 2968 existimatis?
547 2923 686 2983 quod
733 2939 827 2986 ego
874 2933 1077 2987 propter
1122 2923 1427 2972 vicinitatem
1474 2925 1802 2988 Aquinatium
1849 2933 1899 2974 et

159 3008 583 3057 Fabraternorum
608 3027 670 3060 ex
693 3011 860 3061 multis
895 3013 1063 3062 audivi
1090 3023 1137 3063 et
1174 3013 1427 3076 comperi:
1464 3031 1590 3077 quos
1627 3031 1898 3064 concursus

154 3097 205 3144 in
241 3096 319 3146 his
344 3097 541 3162 oppidis
557 3101 580 3148 ?
615 3109 829 3162 quantos
866 3109 915 3150 et
941 3102 1155 3150 virorum
1181 3111 1231 3151 et
1258 3103 1523 3151 mulierum
1547 3102 1762 3166 gemitus
1788 3119 1896 3152 esse
