2106 3386
154 168 229 208 LI.
266 155 387 223 140]
485 154 637 206 PRo
680 153 747 204 A.
793 151 1207 205 cLUENTIO
1251 149 1575 202 ORATIO.
1828 162 1889 215 53

155 311 272 346 nem
307 311 422 343 cum
447 293 658 342 aliorum
695 291 1007 352 iudiciorum,
1036 307 1166 353 quae
1203 291 1412 353 probata
1438 306 1539 339 non
1577 299 1756 350 essent,
1785 299 1891 339 tum

154 383 283 433 illius
319 383 476 446 ipsius
511 382 681 431 iudicii
709 380 943 429 Iuniani:
979 378 1195 442 proinde
1221 381 1364 442 quasi
1391 395 1485 442 ego
1509 395 1613 428 non
1650 380 1713 427 ab
1751 378 1892 427 initio

152 472 298 521 huius
319 471 622 521 defensionis
644 470 852 520 dixerim
877 468 1180 537 invidiosum
1205 468 1329 517 illud
1348 467 1587 517 iudicium
1606 467 1770 527 fuisse,
1793 479 1891 528 aut,

151 577 267 610 cum
293 561 358 610 de
395 560 599 609 infamia
633 558 931 608 iudiciorum
959 557 1279 621 disputarem,
1307 556 1556 620 potuerim
1593 557 1730 618 illud,
1758 557 1895 619 quod

152 661 253 700 tam
270 652 511 715 populare
536 659 681 710 esset,
704 648 790 698 illo
817 657 1040 711 tempore
1066 647 1344 711 praeterire.
1423 658 1534 711 139.
1566 648 1673 709 Ego
1699 663 1830 705 vero,
1854 646 1895 694 si

152 739 272 803 quid
300 741 404 788 eius
430 738 570 788 modi
591 737 709 798 dixi,
728 753 893 801 neque
918 736 1175 800 cognitum
1201 736 1589 785 commemoravi
1616 752 1780 799 neque
1805 752 1895 798 pro

153 828 441 878 testimonio
467 827 584 887 dixi,
608 837 658 877 et
682 828 765 875 illa
790 826 948 876 oratio
973 825 1139 889 potius
1160 825 1398 889 temporis
1423 825 1524 874 mei
1549 842 1700 889 quam
1725 823 1896 874 iudicii

153 927 202 966 et
225 916 534 966 auctoritatis
561 916 666 965 fuit.
765 917 897 966 Cum
923 915 1058 964 enirn
1084 931 1372 964 accusarem
1398 924 1448 964 et
1473 915 1596 963 mihi
1621 914 1763 964 initio
1788 930 1897 977 pro-

151 1006 446 1070 posuissem,
475 1014 530 1054 ut
555 1005 749 1054 animos
786 1014 835 1054 et
871 1004 1046 1068 populi
1073 1004 1295 1053 Romani
1331 1013 1380 1053 et
1416 1004 1641 1053 iudicum
1676 1020 1897 1052 commo-

151 1112 333 1156 verem,
377 1111 593 1158 cumque
632 1111 809 1144 omnes
850 1093 1154 1144 offensiones
1196 1093 1498 1143 iudiciorum
1546 1109 1650 1142 non
1687 1109 1749 1142 ex
1785 1109 1896 1141 mea

152 1183 406 1248 opinione,
432 1184 523 1232 sed
549 1200 607 1232 ex
633 1183 895 1232 hominum
920 1199 1118 1231 rumore
1143 1184 1431 1245 proferrem,
1454 1182 1601 1231 istam
1626 1198 1746 1243 rem,
1767 1199 1895 1245 quae

152 1282 253 1322 tam
278 1271 582 1336 populariter
607 1281 736 1321 esset
761 1272 961 1336 agitata,
989 1271 1257 1335 praeterire
1284 1288 1386 1320 non
1413 1270 1569 1335 potui.
1644 1272 1745 1320 Sed
1770 1279 1896 1320 errat

152 1363 486 1421 vehementer,
531 1360 572 1410 si
612 1361 723 1424 quis
766 1361 818 1408 in
860 1360 1168 1410 orationibus
1210 1359 1407 1420 nostris,
1452 1376 1576 1423 quas
1611 1359 1663 1408 in
1701 1359 1895 1408 iudiciis

150 1450 431 1512 habuimus,
453 1452 773 1500 auctoritates
792 1458 987 1499 nostras
1008 1451 1325 1513 consignatas
1342 1466 1394 1498 se
1414 1450 1598 1499 habere
1617 1451 1890 1498 arbitratur.

151 1541 343 1591 Omnes
369 1541 503 1589 enim
528 1541 641 1589 illae
665 1555 928 1588 causarum
952 1555 1011 1588 ac
1038 1548 1320 1602 temporum
1347 1547 1475 1598 sunt,
1504 1554 1608 1587 non
1635 1539 1896 1587 hominurn

151 1631 373 1692 ipsorum
393 1637 476 1677 aut
500 1637 837 1698 patronorum.
926 1629 1059 1676 Nam
1085 1629 1125 1676 si
1150 1643 1332 1677 causae
1368 1628 1505 1691 ipsae
1541 1642 1634 1690 pro
1670 1643 1723 1675 se
1759 1628 1897 1689 loqui

153 1727 374 1781 possent,
402 1733 553 1767 nemo
578 1716 840 1766 adhiberet
867 1725 1128 1782 oratorem.
1225 1717 1375 1765 Nunc
1412 1717 1720 1776 adhibemur,
1748 1725 1802 1764 ut
1839 1732 1898 1764 ea

153 1808 392 1867 dicamus,
419 1823 523 1855 non
547 1822 677 1870 quae
701 1815 873 1855 nostra
908 1807 1208 1855 auctoritate
1245 1806 1626 1868 constituantur,
1654 1806 1742 1854 sed
1769 1821 1896 1868 quae

152 1913 211 1944 ex
246 1913 298 1945 re
334 1897 441 1959 ipsa
475 1911 727 1958 causaque
763 1894 1022 1944 ducantur.
1099 1905 1210 1959 140.
1251 1895 1531 1943 Hominem
1567 1893 1897 1957 ingeniosum,

155 1987 226 2034 M.
255 1986 548 2047 Antonium,
576 1985 716 2032 aiunt
753 1985 954 2033 solitum
999 1999 1107 2032 esse
1134 1983 1301 2031 dicere
1336 1983 1563 2032 idcirco
1591 2000 1650 2031 se
1676 1984 1900 2032 nullam.

154 2090 424 2137 umquam
462 2074 794 2123 orationem
831 2074 1156 2135 scripsisse,
1197 2081 1270 2132 ut,
1310 2074 1356 2121 si
1393 2071 1537 2135 quid
1573 2074 1896 2135 aliquando

153 2178 269 2211 non
318 2178 463 2226 opus
512 2170 670 2211 esset
717 2162 788 2210 ab
839 2177 897 2210 se
957 2177 1085 2210 esse
1145 2160 1385 2221 dictum,
1436 2171 1638 2222 posset
1684 2176 1896 2224 negare

100 2315 107 2319 .
155 2253 410 2301 dixisse:
447 2250 660 2315 proinde
685 2252 827 2314 quasi
853 2252 892 2299 si
918 2251 1038 2313 quid
1064 2267 1092 2298 a
1118 2251 1263 2299 nobis
1288 2250 1480 2298 dictum
1506 2259 1591 2297 aut
1615 2257 1783 2298 actum
1819 2251 1895 2309 sit,

154 2341 206 2389 id
241 2343 335 2389 nisi
372 2341 542 2390 litteris
579 2339 933 2399 mandarimus,
962 2340 1224 2389 hominum
1261 2340 1502 2388 memoria
1536 2355 1639 2387 non
1676 2355 1898 2401 compre-

151 2429 412 2478 hendatur.
442 2460 477 2501 ><

134 2582 138 2588 Δ
221 2519 308 2566 LI.
346 2503 456 2582 Ego
480 2534 597 2567 vero
631 2519 681 2566 in
718 2519 814 2566 isto
850 2533 1032 2581 genere
1059 2519 1292 2567 libentius
1329 2533 1444 2564 cum
1482 2518 1751 2566 multorum
1789 2526 1894 2566 tum

150 2606 367 2655 hominis
391 2607 785 2669 eloquentissimi
803 2616 852 2656 et
877 2607 1243 2670 sapientissimi,
1269 2608 1322 2654 L.
1348 2608 1529 2667 Crassi,
1547 2608 1894 2656 auctoritatem

152 2710 348 2758 sequor,
370 2694 454 2757 qui
479 2711 594 2743 cum
621 2696 714 2744 Cn.
740 2696 981 2744 Plancum
1002 2696 1306 2755 defenderet,
1325 2704 1594 2744 accusante
1621 2698 1693 2744 M.
1723 2698 1893 2755 Bruto,

153 2784 356 2833 homine
398 2786 448 2831 in
488 2785 704 2835 dicendo
728 2786 1014 2835 vehementi
1041 2795 1089 2835 et
1115 2786 1312 2846 callid0,
1339 2802 1455 2834 cum
1481 2787 1663 2835 Brutus
1700 2787 1896 2835 duobus

1926 1117 1984 1148 10

1925 2009 1986 2039 20

1925 2450 1983 2499 25

154 2873 492 2922 recitatoribus
539 2875 819 2923 constitutis
869 2891 928 2924 ex
975 2876 1174 2924 duabus
1222 2876 1328 2923 eius
1376 2874 1683 2925 orationibus
1731 2878 1895 2939 capita
1919 2897 1983 2942 30

87 3007 93 3020 ,.
152 2964 342 3012 alterna
388 2962 515 3012 inter
557 2979 610 3012 se
651 2964 899 3014 contraria
944 2966 1200 3021 recitanda
1242 2974 1477 3026 curasset,
1522 2967 1658 3029 quod
1703 2969 1752 3014 in
1801 2968 1894 3016 dis-

155 3053 386 3101 suasione
422 3052 692 3115 rogationis
717 3054 835 3113 eius,
864 3069 994 3116 quae
1017 3062 1192 3103 contra
1221 3053 1473 3103 coloniam
1509 3055 1892 3104 Narbonensem

153 3139 413 3201 ferebatur,
455 3148 696 3202 quantum
743 3149 923 3204 potest,
969 3142 1033 3192 de
1074 3142 1368 3191 auctoritate
1416 3151 1618 3192 senatus
1660 3143 1888 3202 detrahit,
