2106 3386
290 171 353 212 10
600 157 754 213 PRO
797 157 865 212 A.
908 157 1334 213 CLUENTIO
1376 157 1706 212 ORATIO.
1830 157 1933 227 [1x.
1965 162 2036 212 26

347 299 427 352 26.
470 301 691 348 Primum
717 300 883 349 videte
920 300 1135 348 hominis
1171 301 1447 349 audaciam.
1524 299 1740 349 Sassiam
1776 299 1828 348 in
1864 299 2032 349 matri-

282 388 505 438 monium
533 390 729 449 ducere,
761 389 938 438 Habiti
964 398 1189 451 matrem,
1217 389 1368 449 illam,
1391 390 1530 437 cuius
1556 388 1714 437 virum
1734 391 1795 438 A.
1824 389 2032 439 Aurium

283 478 549 538 occiderat,
577 476 877 541 concupivit.
954 480 1138 528 Utrum
1164 476 1502 540 impudentior
1538 475 1636 536 hic,
1675 478 1760 540 qui
1796 479 2032 540 postulet,
2094 493 2102 500 ·

282 582 347 614 an
396 565 646 615 crudelior
694 566 790 626 illa,
843 565 883 615 si
932 567 1102 627 nubat,
1153 567 1353 615 difficile
1397 565 1535 614 dictu
1586 574 1690 614 est:
1727 566 1818 615 sed
1865 574 2034 615 tamen

231 671 256 719 5
283 654 541 718 utriusque
568 654 927 719 humanitatem
953 655 1390 719 constantiamque
1414 654 1717 719 cognoscite.
1779 661 1859 719 27.
1902 654 2033 704 Petit

284 743 610 808 Oppianicus,
638 754 691 793 ut
717 743 809 794 sibi
836 744 1002 794 Sassia
1026 746 1198 805 nubat,
1221 754 1270 793 et
1295 744 1347 793 id
1373 761 1557 808 magno
1579 759 1728 807 opere
1753 743 2029 793 contendit.

287 835 378 882 Illa
402 842 568 882 autem
594 850 697 882 non
723 833 994 882 admiratur
1018 833 1296 893 audaciam,
1325 850 1430 882 non
1466 832 1831 897 impudentiam
1868 848 2031 896 asper-

283 930 443 982 natur,
470 938 570 970 non
599 921 819 984 denique
845 921 981 970 illam
1009 922 1280 985 Oppianici
1305 923 1513 972 domum
1550 921 1640 970 viri
1676 920 1755 971 sui
1791 920 2033 986 sanguine

282 1011 648 1060 redundantem
694 1010 1002 1071 reformidat,
1047 1012 1138 1060 sed
1187 1012 1327 1075 quod
1375 1012 1583 1060 haberet
1618 1010 1701 1059 ille
1738 1018 1837 1060 tres
1886 1009 2030 1071 filios,

203 1118 260 1149 10
283 1099 472 1149 idcirco
508 1116 560 1149 se
598 1102 663 1148 ab
700 1099 771 1149 eis
808 1100 995 1163 nuptiis
1032 1102 1300 1149 abhorrere
1349 1099 1626 1164 respondit.
1699 1098 2031 1164 Oppianicus,

285 1191 370 1253 qui
406 1189 671 1254 pecuniam
708 1188 902 1239 Sassiae
938 1189 1323 1254 concupivisset,
1364 1191 1520 1240 domo
1557 1188 1652 1239 sibi
1689 1190 2032 1253 quaerendum

283 1278 560 1328 remedium
604 1277 904 1328 existimavit
942 1279 1006 1327 ad
1048 1295 1159 1328 eam
1199 1295 1406 1341 moram,
1452 1295 1581 1342 quae
1621 1277 1808 1343 nuptiis
1845 1279 2032 1328 adfere—

283 1369 440 1416 batur.
517 1369 650 1415 Nam
695 1383 809 1415 cum
852 1368 1058 1417 haberet
1099 1384 1159 1416 ex
1197 1367 1363 1416 Novia
1405 1367 1645 1417 infantem
1693 1367 1867 1428 filium,
1911 1367 2034 1417 alter

283 1466 453 1506 autem
497 1456 603 1506 eius
639 1456 780 1517 filius,
824 1455 981 1520 Papia
1017 1465 1181 1518 natus,
1220 1459 1382 1505 Teani
1419 1457 1587 1520 Apuli,
1637 1458 1776 1521 quod
1824 1459 1966 1507 abest
2004 1473 2034 1504 a

204 1559 258 1608 15
285 1546 466 1595 Larino
491 1560 625 1594 xvln
651 1545 786 1595 milia
810 1562 1062 1609 passuum,
1092 1547 1230 1609 apud
1256 1556 1467 1595 matrem
1492 1547 1801 1607 educaretur,
1828 1547 2033 1596 arcessit

284 1635 449 1685 subito
475 1635 581 1684 sine
605 1652 758 1684 causa
781 1652 991 1699 puerum
1028 1638 1235 1685 Teano:
1271 1637 1411 1699 quod
1448 1638 1609 1685 facere
1645 1636 1743 1685 nisi
1778 1635 1911 1686 ludis
1946 1645 2033 1685 aut

281 1723 419 1775 festis
455 1725 633 1774 diebus
680 1733 828 1774 antea
874 1741 978 1773 non
1029 1726 1232 1774 solebat.
1311 1728 1477 1775 Mater
1523 1724 1704 1775 misera
1745 1725 1870 1774 nihil
1917 1727 2034 1774 mali

285 1813 543 1878 suspicans
567 1813 731 1863 mittit.
808 1814 902 1863 Ille
928 1831 981 1863 se
1006 1816 1283 1864 Tarentum
1309 1814 1559 1878 proficisci
1595 1830 1710 1864 cum
1736 1815 2056 1876 simulassetf
2100 1884 2103 1887 .

285 1919 347 1951 eo
371 1901 480 1966 ipso
506 1901 587 1951 die
612 1918 751 1966 puer,
779 1903 902 1952 hora
927 1903 1200 1952 undecima
1225 1919 1341 1951 cum
1366 1904 1537 1953 valens
1574 1903 1624 1952 in
1662 1905 1864 1967 publico
1900 1902 2036 1953 visus

202 2008 264 2040 20
284 1999 429 2050 esset,
473 1999 591 2039 ante
629 1999 831 2040 noctem
872 2000 1096 2040 mortuus
1135 2000 1184 2041 et
1226 1991 1468 2055 postridie
1505 2001 1621 2042 ante
1659 1990 1808 2056 quam
1845 1993 2036 2045 luceret
2094 1980 2106 2063 {f

285 2082 580 2131 combustus
628 2089 716 2130 est.
805 2080 885 2133 28.
926 2084 1094 2144 Atque
1136 2083 1272 2130 hunc
1321 2091 1515 2131 tantum
1564 2098 1839 2133 maerorem
1890 2083 2038 2133 matri
2088 2130 2106 2158 a

285 2170 419 2235 prius
460 2170 724 2220 hominum
763 2187 932 2220 rumor
971 2187 1122 2233 quam
1162 2171 1429 2234 quisquam
1457 2188 1517 2220 ex
1554 2171 1822 2236 Oppianici
1849 2172 2038 2223 familia
2086 2160 2106 2250 l}

286 2260 551 2310 nuntiavit.
626 2262 719 2310 Illa
757 2277 873 2309 cum
915 2277 1018 2310 uno
1058 2269 1283 2324 tempore
1326 2261 1547 2310 audisset
1589 2260 1683 2310 sibi
1719 2271 1823 2311 non
1868 2264 2031 2313 solum
2084 2254 2106 2338 ἐξ

285 2350 456 2410 filium,
484 2352 574 2400 sed
598 2350 747 2400 etiam
774 2350 1122 2414 exsequiarum
1148 2367 1332 2399 munus
1359 2360 1599 2414 ereptum,
1640 2350 1880 2401 Larinum
1916 2369 2035 2403 con·

204 2451 260 2501 25
282 2440 447 2490 festim
471 2439 754 2489 exanimata
778 2440 913 2490 venit
937 2449 987 2490 et
1011 2439 1080 2490 ibi
1106 2441 1170 2490 de
1194 2441 1388 2503 integro
1412 2442 1560 2497 funus
1585 2442 1684 2489 iam
1709 2443 1907 2507 sepulto
1926 2441 2032 2492 filio
2088 2434 2106 2509 ,ἐξ

286 2528 415 2579 fecit.
490 2529 614 2578 Dies
638 2528 865 2578 nondum
891 2529 1069 2589 decem
1094 2529 1489 2590 intercesserant,
1511 2547 1624 2579 cum
1650 2529 1732 2597 ille
1757 2532 1881 2580 alter
1903 2531 2033 2582 filius
2086 2512 2106 2614 Ξ

287 2619 448 2668 infans
493 2626 710 2667 necatur.
788 2620 968 2682 Itaque
1015 2618 1161 2669 nubit
1211 2619 1496 2684 Oppianico
1543 2619 1788 2671 continuo
1849 2620 2030 2683 Sassia,
2083 2620 2106 2705 ξ

288 2707 493 2758 laetanti
528 2709 627 2756 iam
666 2707 837 2758 animo
873 2717 924 2759 et
960 2725 1048 2772 spe
1086 2707 1276 2773 optime
1301 2711 1612 2760 confirmato.
1687 2712 1799 2761 Nec
1835 2713 2032 2772 mirum,
2086 2745 2106 2803 ἦ

289 2814 416 2862 quae
459 2814 512 2847 se
556 2814 659 2846 non
696 2798 1002 2862 nuptialibus
1040 2797 1203 2858 donis,
1243 2799 1332 2848 sed
1379 2799 1589 2848 filiorum
1628 2799 1885 2850 funeribus
1922 2816 2032 2851 esse
2063 2807 2106 2858 -Ξ

201 2898 267 2945 30
289 2889 547 2940 delinitam
586 2890 789 2940 videret.
880 2892 956 2939 Ita
994 2890 1129 2952 quod
1166 2888 1320 2938 ceteri
1346 2898 1548 2953 propter
1572 2890 1756 2940 liberos
1782 2890 2030 2954 pecuniae
2084 2850 2106 2952 Ξ

289 2978 574 3043 cupidiores
617 2981 780 3029 solent
799 2995 924 3040 esse,
952 2979 1034 3028 ille
1060 2988 1263 3042 propter
1303 2979 1570 3042 pecuniam
1595 2981 1779 3030 liberos
1802 2980 2031 3031 amittere
2076 2979 2106 3100 Ξ

290 3068 563 3208 ichundum
590 3085 698 3119 esse
722 3068 877 3118 duxit.

357 3161 539 3224 Χ.29
579 3158 768 3218 Senti0,
797 3157 1003 3218 iudices,
1029 3174 1119 3207 vos
1146 3173 1234 3221 pro
1261 3167 1424 3207 vestra
1448 3158 1758 3209 humanitate
1783 3158 1860 3210 his
1884 3159 2034 3210 tantis
