<?xml version="1.0" encoding="UTF-8"?>
<!DOCTYPE html PUBLIC "-//W3C//DTD XHTML 1.0 Transitional//EN"
    "http://www.w3.org/TR/xhtml1/DTD/xhtml1-transitional.dtd">
<html xmlns="http://www.w3.org/1999/xhtml" xml:lang="en" lang="en">
 <head>
  <title>
</title>
<meta http-equiv="Content-Type" content="text/html;charset=utf-8" />
  <meta name='ocr-system' content='tesseract 3.04.00' />
  <meta name='ocr-capabilities' content='ocr_page ocr_carea ocr_par ocr_line ocrx_word'/>
</head>
<body>
  <div class='ocr_page' id='page_1' title='image "1887proacluentioo00cice_0105.png"; bbox 0 0 2106 3386; ppageno 0'>
   <div class='ocr_carea' id='block_1_1' title="bbox 138 119 1871 220">
    <p class='ocr_par' dir='ltr' id='par_1_1' title="bbox 138 119 1871 220">
     <span class='ocr_line' id='line_1_1' title="bbox 138 119 1871 220; baseline -0.003 -16"><span class='ocrx_word' id='word_1_1' title='bbox 138 119 357 204; x_wconf 67' lang='lat' dir='ltr'><strong>xxmx.</strong></span> <span class='ocrx_word' id='word_1_2' title='bbox 396 152 519 220; x_wconf 84' lang='lat'>109]</span> <span class='ocrx_word' id='word_1_3' title='bbox 564 153 716 204; x_wconf 64' lang='grc' dir='ltr'><strong>ΡΜ)</strong></span> <span class='ocrx_word' id='word_1_4' title='bbox 759 152 827 204; x_wconf 83' lang='grc' dir='ltr'><strong>Α.</strong></span> <span class='ocrx_word' id='word_1_5' title='bbox 870 151 1287 204; x_wconf 81' lang='lat' dir='ltr'>CLUENTIO</span> <span class='ocrx_word' id='word_1_6' title='bbox 1330 149 1656 203; x_wconf 84' lang='lat' dir='ltr'><strong>ORATIO.</strong></span> <span class='ocrx_word' id='word_1_7' title='bbox 1807 164 1871 212; x_wconf 85' lang='lat'><strong>41</strong></span> 
     </span>
    </p>
   </div>
   <div class='ocr_carea' id='block_1_2' title="bbox 136 288 1880 533">
    <p class='ocr_par' dir='ltr' id='par_1_2' title="bbox 136 288 1880 533">
     <span class='ocr_line' id='line_1_2' title="bbox 137 288 1880 359; baseline -0.003 -18"><span class='ocrx_word' id='word_1_8' title='bbox 137 291 385 356; x_wconf 89' lang='lat' dir='ltr'><strong>sapientes</strong></span> <span class='ocrx_word' id='word_1_9' title='bbox 412 292 522 341; x_wconf 90' lang='lat' dir='ltr'><strong>illos</strong></span> <span class='ocrx_word' id='word_1_10' title='bbox 547 290 790 359; x_wconf 83' lang='lat' dir='ltr'><strong>iudicetis,</strong></span> <span class='ocrx_word' id='word_1_11' title='bbox 819 291 908 339; x_wconf 91' lang='lat' dir='ltr'><strong>sed</strong></span> <span class='ocrx_word' id='word_1_12' title='bbox 933 290 1084 339; x_wconf 91' lang='lat' dir='ltr'><strong>etiam</strong></span> <span class='ocrx_word' id='word_1_13' title='bbox 1111 306 1170 338; x_wconf 83' lang='lat' dir='ltr'><strong>ex</strong></span> <span class='ocrx_word' id='word_1_14' title='bbox 1194 289 1481 338; x_wconf 90' lang='lat' dir='ltr'><strong>hominibus</strong></span> <span class='ocrx_word' id='word_1_15' title='bbox 1500 288 1618 352; x_wconf 90' lang='lat' dir='ltr'><strong>ipsis</strong></span> <span class='ocrx_word' id='word_1_16' title='bbox 1656 289 1793 351; x_wconf 95' lang='lat' dir='ltr'><strong>quod</strong></span> <span class='ocrx_word' id='word_1_17' title='bbox 1829 289 1880 335; x_wconf 90' lang='lat' dir='ltr'><strong>hi</strong></span> 
     </span>
     <span class='ocr_line' id='line_1_3' title="bbox 136 377 1879 443; baseline -0.003 -14"><span class='ocrx_word' id='word_1_18' title='bbox 136 383 373 440; x_wconf 91' lang='lat' dir='ltr'><strong>fecerunt,</strong></span> <span class='ocrx_word' id='word_1_19' title='bbox 400 380 675 430; x_wconf 84' lang='lat' dir='ltr'><strong>rectissime</strong></span> <span class='ocrx_word' id='word_1_20' title='bbox 701 397 759 428; x_wconf 91' lang='lat' dir='ltr'><strong>ac</strong></span> <span class='ocrx_word' id='word_1_21' title='bbox 785 380 1150 443; x_wconf 84' lang='lat' dir='ltr'><strong>sapientissime</strong></span> <span class='ocrx_word' id='word_1_22' title='bbox 1176 381 1363 427; x_wconf 89' lang='lat' dir='ltr'><strong>factum</strong></span> <span class='ocrx_word' id='word_1_23' title='bbox 1399 377 1635 441; x_wconf 89' lang='lat' dir='ltr'><strong>probetis,</strong></span> <span class='ocrx_word' id='word_1_24' title='bbox 1674 377 1785 440; x_wconf 90' lang='lat' dir='ltr'><strong>quis</strong></span> <span class='ocrx_word' id='word_1_25' title='bbox 1824 379 1879 424; x_wconf 92' lang='lat' dir='ltr'><strong>P.</strong></span> 
     </span>
     <span class='ocr_line' id='line_1_4' title="bbox 138 466 1877 533; baseline -0.002 -14"><span class='ocrx_word' id='word_1_26' title='bbox 138 469 350 520; x_wconf 91' lang='lat' dir='ltr'><strong>Octavio</strong></span> <span class='ocrx_word' id='word_1_27' title='bbox 377 471 537 519; x_wconf 84' lang='lat' dir='ltr'>Balbo</span> <span class='ocrx_word' id='word_1_28' title='bbox 563 468 764 533; x_wconf 88' lang='lat' dir='ltr'><strong>ingenio</strong></span> <span class='ocrx_word' id='word_1_29' title='bbox 790 468 1097 532; x_wconf 83' lang='lat' dir='ltr'><strong>prudentior,</strong></span> <span class='ocrx_word' id='word_1_30' title='bbox 1120 469 1224 517; x_wconf 90' lang='lat' dir='ltr'><strong>iure</strong></span> <span class='ocrx_word' id='word_1_31' title='bbox 1250 466 1466 531; x_wconf 87' lang='lat' dir='ltr'><strong>peritior,</strong></span> <span class='ocrx_word' id='word_1_32' title='bbox 1490 467 1605 526; x_wconf 88' lang='lat' dir='ltr'><strong>fide,</strong></span> <span class='ocrx_word' id='word_1_33' title='bbox 1627 466 1877 529; x_wconf 87' lang='lat' dir='ltr'><strong>religione,</strong></span> 
     </span>
    </p>
   </div>
   <div class='ocr_carea' id='block_1_3' title="bbox 67 554 1880 622">
    <p class='ocr_par' dir='ltr' id='par_1_3' title="bbox 67 554 1880 622">
     <span class='ocr_line' id='line_1_5' title="bbox 67 554 1880 622; baseline -0.002 -15"><span class='ocrx_word' id='word_1_34' title='bbox 67 581 70 582; x_wconf 39' lang='lat'><em>⁷</em></span> <span class='ocrx_word' id='word_1_35' title='bbox 137 557 301 607; x_wconf 90' lang='lat' dir='ltr'><strong>officio</strong></span> <span class='ocrx_word' id='word_1_36' title='bbox 338 557 622 622; x_wconf 85' lang='lat' dir='ltr'><strong>diligentior</strong></span> <span class='ocrx_word' id='word_1_37' title='bbox 670 566 754 606; x_wconf 89' lang='lat' dir='ltr'><strong>aut</strong></span> <span class='ocrx_word' id='word_1_38' title='bbox 804 556 1022 605; x_wconf 80' lang='lat' dir='ltr'><strong>sanctior</strong></span> <span class='ocrx_word' id='word_1_39' title='bbox 1068 554 1452 605; x_wconf 88' lang='lat' dir='ltr'><strong>commemorari</strong></span> <span class='ocrx_word' id='word_1_40' title='bbox 1487 558 1691 619; x_wconf 89' lang='lat' dir='ltr'><strong>potest?</strong></span> <span class='ocrx_word' id='word_1_41' title='bbox 1761 556 1880 604; x_wconf 91' lang='lat' dir='ltr'><strong>Non</strong></span> 
     </span>
    </p>
   </div>
   <div class='ocr_carea' id='block_1_4' title="bbox 115 643 1970 3211">
    <p class='ocr_par' dir='ltr' id='par_1_4' title="bbox 115 643 1970 3211">
     <span class='ocr_line' id='line_1_6' title="bbox 138 643 1966 709; baseline -0.002 -15"><span class='ocrx_word' id='word_1_42' title='bbox 138 647 362 695; x_wconf 89' lang='lat' dir='ltr'><strong>absolvit.</strong></span> <span class='ocrx_word' id='word_1_43' title='bbox 460 646 586 709; x_wconf 85' lang='lat' dir='ltr'><strong>Quis</strong></span> <span class='ocrx_word' id='word_1_44' title='bbox 625 649 687 709; x_wconf 84' lang='lat' dir='ltr'><strong>Q.</strong></span> <span class='ocrx_word' id='word_1_45' title='bbox 739 644 984 696; x_wconf 87' lang='lat' dir='ltr'><strong>Considio</strong></span> <span class='ocrx_word' id='word_1_46' title='bbox 1033 644 1388 694; x_wconf 83' lang='lat' dir='ltr'><strong>constantior?</strong></span> <span class='ocrx_word' id='word_1_47' title='bbox 1423 645 1534 708; x_wconf 92' lang='lat' dir='ltr'><strong>quis</strong></span> <span class='ocrx_word' id='word_1_48' title='bbox 1582 643 1880 692; x_wconf 90' lang='lat' dir='ltr'><strong>iudiciorum</strong></span> <span class='ocrx_word' id='word_1_49' title='bbox 1941 649 1966 696; x_wconf 90' lang='grc'>5</span> 
     </span>
     <span class='ocr_line' id='line_1_7' title="bbox 137 733 1878 800; baseline -0.002 -16"><span class='ocrx_word' id='word_1_50' title='bbox 137 744 287 799; x_wconf 91' lang='lat' dir='ltr'><strong>atque</strong></span> <span class='ocrx_word' id='word_1_51' title='bbox 324 735 429 784; x_wconf 90' lang='lat' dir='ltr'><strong>eius</strong></span> <span class='ocrx_word' id='word_1_52' title='bbox 467 735 738 800; x_wconf 88' lang='lat' dir='ltr'><strong>dignitatis,</strong></span> <span class='ocrx_word' id='word_1_53' title='bbox 768 751 895 798; x_wconf 88' lang='lat' dir='ltr'><strong>quae</strong></span> <span class='ocrx_word' id='word_1_54' title='bbox 933 737 984 783; x_wconf 92' lang='lat' dir='ltr'><strong>in</strong></span> <span class='ocrx_word' id='word_1_55' title='bbox 1020 734 1218 784; x_wconf 92' lang='lat' dir='ltr'><strong>iudiciis</strong></span> <span class='ocrx_word' id='word_1_56' title='bbox 1254 733 1471 798; x_wconf 89' lang='lat' dir='ltr'><strong>publicis</strong></span> <span class='ocrx_word' id='word_1_57' title='bbox 1507 733 1689 799; x_wconf 71' lang='lat' dir='ltr'><strong>versari</strong></span> <span class='ocrx_word' id='word_1_58' title='bbox 1714 734 1878 792; x_wconf 88' lang='lat' dir='ltr'><strong>debet,</strong></span> 
     </span>
     <span class='ocr_line' id='line_1_8' title="bbox 136 814 1881 888; baseline -0.001 -15"><span class='ocrx_word' id='word_1_59' title='bbox 136 825 376 887; x_wconf 87' lang='lat' dir='ltr'><strong>peritior?</strong></span> <span class='ocrx_word' id='word_1_60' title='bbox 411 824 521 888; x_wconf 87' lang='lat' dir='ltr'><strong>quis</strong></span> <span class='ocrx_word' id='word_1_61' title='bbox 557 814 750 884; x_wconf 81' lang='lat' dir='ltr'><strong>virtute,</strong></span> <span class='ocrx_word' id='word_1_62' title='bbox 790 824 1015 886; x_wconf 89' lang='lat' dir='ltr'><strong>consilio,</strong></span> <span class='ocrx_word' id='word_1_63' title='bbox 1055 822 1350 872; x_wconf 90' lang='lat' dir='ltr'><strong>auctoritate</strong></span> <span class='ocrx_word' id='word_1_64' title='bbox 1375 825 1742 886; x_wconf 84' lang='lat' dir='ltr'><strong>praestantior?</strong></span> <span class='ocrx_word' id='word_1_65' title='bbox 1801 825 1881 871; x_wconf 93' lang='lat' dir='ltr'><strong>Ne</strong></span> 
     </span>
     <span class='ocr_line' id='line_1_9' title="bbox 136 908 1879 977; baseline 0.001 -19"><span class='ocrx_word' id='word_1_66' title='bbox 136 911 177 959; x_wconf 91' lang='lat' dir='ltr'><strong>is</strong></span> <span class='ocrx_word' id='word_1_67' title='bbox 202 911 408 975; x_wconf 92' lang='lat' dir='ltr'><strong>quidem</strong></span> <span class='ocrx_word' id='word_1_68' title='bbox 433 912 663 962; x_wconf 87' lang='lat' dir='ltr'><strong>absolvit.</strong></span> <span class='ocrx_word' id='word_1_69' title='bbox 737 914 970 975; x_wconf 90' lang='lat' dir='ltr'><strong>Longum</strong></span> <span class='ocrx_word' id='word_1_70' title='bbox 997 920 1071 960; x_wconf 91' lang='lat' dir='ltr'><strong>est</strong></span> <span class='ocrx_word' id='word_1_71' title='bbox 1108 913 1172 961; x_wconf 85' lang='lat' dir='ltr'><strong>de</strong></span> <span class='ocrx_word' id='word_1_72' title='bbox 1209 910 1517 975; x_wconf 88' lang='lat' dir='ltr'><strong>singulorum</strong></span> <span class='ocrx_word' id='word_1_73' title='bbox 1553 911 1733 961; x_wconf 88' lang='lat' dir='ltr'><strong>virtute</strong></span> <span class='ocrx_word' id='word_1_74' title='bbox 1772 908 1879 977; x_wconf 90' lang='lat' dir='ltr'><strong>[ita]</strong></span> 
     </span>
     <span class='ocr_line' id='line_1_10' title="bbox 137 1000 1883 1064; baseline -0.001 -14"><span class='ocrx_word' id='word_1_75' title='bbox 137 1003 331 1051; x_wconf 88' lang='lat' dir='ltr'><strong>dicere:</strong></span> <span class='ocrx_word' id='word_1_76' title='bbox 372 1018 513 1064; x_wconf 84' lang='lat' dir='ltr'><strong>quae,</strong></span> <span class='ocrx_word' id='word_1_77' title='bbox 553 1000 670 1064; x_wconf 91' lang='lat' dir='ltr'><strong>quia</strong></span> <span class='ocrx_word' id='word_1_78' title='bbox 706 1001 904 1064; x_wconf 87' lang='lat' dir='ltr'><strong>cognita</strong></span> <span class='ocrx_word' id='word_1_79' title='bbox 940 1009 1016 1050; x_wconf 90' lang='lat' dir='ltr'><strong>est</strong></span> <span class='ocrx_word' id='word_1_80' title='bbox 1051 1001 1115 1049; x_wconf 94' lang='lat' dir='ltr'><strong>ab</strong></span> <span class='ocrx_word' id='word_1_81' title='bbox 1153 1000 1402 1059; x_wconf 89' lang='lat' dir='ltr'><strong>omnibus,</strong></span> <span class='ocrx_word' id='word_1_82' title='bbox 1440 1002 1707 1050; x_wconf 90' lang='lat' dir='ltr'><strong>verborum</strong></span> <span class='ocrx_word' id='word_1_83' title='bbox 1744 1017 1883 1049; x_wconf 93' lang='lat' dir='ltr'><strong>orna-</strong></span> 
     </span>
     <span class='ocr_line' id='line_1_11' title="bbox 138 1089 1970 1152; baseline -0.002 -14"><span class='ocrx_word' id='word_1_84' title='bbox 138 1098 307 1139; x_wconf 91' lang='lat' dir='ltr'><strong>menta</strong></span> <span class='ocrx_word' id='word_1_85' title='bbox 347 1106 450 1139; x_wconf 93' lang='lat' dir='ltr'><strong>non</strong></span> <span class='ocrx_word' id='word_1_86' title='bbox 494 1089 697 1152; x_wconf 91' lang='lat' dir='ltr'><strong>quaerit.</strong></span> <span class='ocrx_word' id='word_1_87' title='bbox 773 1091 949 1152; x_wconf 88' lang='lat' dir='ltr'><strong>Qualis</strong></span> <span class='ocrx_word' id='word_1_88' title='bbox 991 1089 1064 1142; x_wconf 81' lang='lat' dir='ltr'><strong>vir</strong></span> <span class='ocrx_word' id='word_1_89' title='bbox 1107 1092 1177 1138; x_wconf 90' lang='lat' dir='ltr'><strong>M.</strong></span> <span class='ocrx_word' id='word_1_90' title='bbox 1227 1089 1486 1139; x_wconf 91' lang='lat' dir='ltr'><strong>Iuventius</strong></span> <span class='ocrx_word' id='word_1_91' title='bbox 1528 1090 1669 1139; x_wconf 91' lang='lat' dir='ltr'><strong>Pedo</strong></span> <span class='ocrx_word' id='word_1_92' title='bbox 1695 1090 1786 1138; x_wconf 88' lang='lat' dir='ltr'><strong>fuit</strong></span> <span class='ocrx_word' id='word_1_93' title='bbox 1822 1105 1881 1138; x_wconf 86' lang='lat' dir='ltr'><strong>ex</strong></span> <span class='ocrx_word' id='word_1_94' title='bbox 1914 1104 1970 1134; x_wconf 93' lang='lat'><strong>10</strong></span> 
     </span>
     <span class='ocr_line' id='line_1_12' title="bbox 137 1178 1875 1243; baseline -0.001 -15"><span class='ocrx_word' id='word_1_95' title='bbox 137 1187 303 1228; x_wconf 91' lang='lat' dir='ltr'><strong>vetere</strong></span> <span class='ocrx_word' id='word_1_96' title='bbox 327 1178 411 1227; x_wconf 89' lang='lat' dir='ltr'><strong>illa</strong></span> <span class='ocrx_word' id='word_1_97' title='bbox 435 1178 657 1227; x_wconf 91' lang='lat' dir='ltr'><strong>iudicum</strong></span> <span class='ocrx_word' id='word_1_98' title='bbox 683 1178 984 1242; x_wconf 87' lang='lat' dir='ltr'><strong>disciplina?</strong></span> <span class='ocrx_word' id='word_1_99' title='bbox 1021 1178 1178 1240; x_wconf 87' lang='lat' dir='ltr'><strong>qualis</strong></span> <span class='ocrx_word' id='word_1_100' title='bbox 1205 1181 1261 1227; x_wconf 92' lang='lat' dir='ltr'><strong>L.</strong></span> <span class='ocrx_word' id='word_1_101' title='bbox 1288 1179 1493 1229; x_wconf 87' lang='lat' dir='ltr'><strong>Caulius</strong></span> <span class='ocrx_word' id='word_1_102' title='bbox 1531 1181 1769 1243; x_wconf 88' lang='lat' dir='ltr'><strong>Mergus?</strong></span> <span class='ocrx_word' id='word_1_103' title='bbox 1807 1181 1875 1227; x_wconf 91' lang='lat' dir='ltr'><strong>M.</strong></span> 
     </span>
     <span class='ocr_line' id='line_1_13' title="bbox 138 1266 1879 1331; baseline 0 -16"><span class='ocrx_word' id='word_1_104' title='bbox 138 1266 366 1316; x_wconf 88' lang='lat' dir='ltr'><strong>Basilus?</strong></span> <span class='ocrx_word' id='word_1_105' title='bbox 403 1269 461 1318; x_wconf 91' lang='lat' dir='ltr'><strong>C.</strong></span> <span class='ocrx_word' id='word_1_106' title='bbox 484 1267 782 1318; x_wconf 89' lang='lat' dir='ltr'><strong>Caudinus?</strong></span> <span class='ocrx_word' id='word_1_107' title='bbox 808 1267 892 1330; x_wconf 92' lang='lat' dir='ltr'><strong>qui</strong></span> <span class='ocrx_word' id='word_1_108' title='bbox 918 1283 1091 1316; x_wconf 91' lang='lat' dir='ltr'><strong>omnes</strong></span> <span class='ocrx_word' id='word_1_109' title='bbox 1116 1267 1166 1315; x_wconf 92' lang='lat' dir='ltr'><strong>in</strong></span> <span class='ocrx_word' id='word_1_110' title='bbox 1186 1267 1382 1316; x_wconf 90' lang='lat' dir='ltr'><strong>iudiciis</strong></span> <span class='ocrx_word' id='word_1_111' title='bbox 1401 1267 1613 1331; x_wconf 89' lang='lat' dir='ltr'><strong>publicis</strong></span> <span class='ocrx_word' id='word_1_112' title='bbox 1636 1267 1734 1316; x_wconf 90' lang='lat' dir='ltr'><strong>iam</strong></span> <span class='ocrx_word' id='word_1_113' title='bbox 1759 1277 1879 1328; x_wconf 92' lang='lat' dir='ltr'><strong>tum,</strong></span> 
     </span>
     <span class='ocr_line' id='line_1_14' title="bbox 138 1355 1877 1420; baseline 0 -16"><span class='ocrx_word' id='word_1_114' title='bbox 138 1356 343 1406; x_wconf 89' lang='lat' dir='ltr'><strong>florente</strong></span> <span class='ocrx_word' id='word_1_115' title='bbox 362 1373 415 1406; x_wconf 91' lang='lat' dir='ltr'><strong>re</strong></span> <span class='ocrx_word' id='word_1_116' title='bbox 438 1356 652 1420; x_wconf 91' lang='lat' dir='ltr'><strong>publica,</strong></span> <span class='ocrx_word' id='word_1_117' title='bbox 680 1358 966 1406; x_wconf 88' lang='lat' dir='ltr'><strong>floruerunt.</strong></span> <span class='ocrx_word' id='word_1_118' title='bbox 1032 1358 1107 1404; x_wconf 86' lang='lat' dir='ltr'><strong>Ex</strong></span> <span class='ocrx_word' id='word_1_119' title='bbox 1133 1358 1314 1405; x_wconf 90' lang='lat' dir='ltr'><strong>eodem</strong></span> <span class='ocrx_word' id='word_1_120' title='bbox 1340 1372 1550 1405; x_wconf 90' lang='lat' dir='ltr'><strong>numero</strong></span> <span class='ocrx_word' id='word_1_121' title='bbox 1578 1359 1630 1404; x_wconf 91' lang='lat' dir='ltr'><strong>L.</strong></span> <span class='ocrx_word' id='word_1_122' title='bbox 1662 1355 1877 1416; x_wconf 82' lang='lat' dir='ltr'><strong>CassiuS,</strong></span> 
     </span>
     <span class='ocr_line' id='line_1_15' title="bbox 138 1445 1881 1510; baseline 0 -16"><span class='ocrx_word' id='word_1_123' title='bbox 138 1445 232 1495; x_wconf 90' lang='lat' dir='ltr'><strong>Cn.</strong></span> <span class='ocrx_word' id='word_1_124' title='bbox 274 1446 451 1507; x_wconf 90' lang='lat' dir='ltr'><strong>Heius,</strong></span> <span class='ocrx_word' id='word_1_125' title='bbox 489 1448 595 1510; x_wconf 90' lang='lat' dir='ltr'><strong>pari</strong></span> <span class='ocrx_word' id='word_1_126' title='bbox 631 1455 681 1496; x_wconf 90' lang='lat' dir='ltr'><strong>et</strong></span> <span class='ocrx_word' id='word_1_127' title='bbox 716 1446 998 1510; x_wconf 90' lang='lat' dir='ltr'><strong>integritate</strong></span> <span class='ocrx_word' id='word_1_128' title='bbox 1036 1455 1084 1495; x_wconf 92' lang='lat' dir='ltr'><strong>et</strong></span> <span class='ocrx_word' id='word_1_129' title='bbox 1109 1446 1405 1510; x_wconf 88' lang='lat' dir='ltr'><strong>prudentia:</strong></span> <span class='ocrx_word' id='word_1_130' title='bbox 1444 1463 1657 1509; x_wconf 92' lang='lat' dir='ltr'><strong>quorum</strong></span> <span class='ocrx_word' id='word_1_131' title='bbox 1698 1448 1881 1495; x_wconf 92' lang='lat' dir='ltr'><strong>nullius</strong></span> 
     </span>
     <span class='ocr_line' id='line_1_16' title="bbox 138 1535 1967 1600; baseline -0.001 -16"><span class='ocrx_word' id='word_1_132' title='bbox 138 1536 386 1585; x_wconf 90' lang='lat' dir='ltr'><strong>sententia</strong></span> <span class='ocrx_word' id='word_1_133' title='bbox 421 1545 495 1586; x_wconf 89' lang='lat' dir='ltr'><strong>est</strong></span> <span class='ocrx_word' id='word_1_134' title='bbox 533 1535 845 1600; x_wconf 89' lang='lat' dir='ltr'><strong>Oppianicus</strong></span> <span class='ocrx_word' id='word_1_135' title='bbox 881 1536 1152 1585; x_wconf 89' lang='lat' dir='ltr'><strong>absolutus.</strong></span> <span class='ocrx_word' id='word_1_136' title='bbox 1241 1539 1411 1599; x_wconf 90' lang='lat' dir='ltr'><strong>Atque</strong></span> <span class='ocrx_word' id='word_1_137' title='bbox 1447 1537 1499 1584; x_wconf 94' lang='lat' dir='ltr'><strong>in</strong></span> <span class='ocrx_word' id='word_1_138' title='bbox 1535 1535 1612 1584; x_wconf 91' lang='lat' dir='ltr'><strong>his</strong></span> <span class='ocrx_word' id='word_1_139' title='bbox 1649 1535 1881 1585; x_wconf 89' lang='lat' dir='ltr'><strong>omnibus</strong></span> <span class='ocrx_word' id='word_1_140' title='bbox 1913 1548 1967 1596; x_wconf 90' lang='lat'><strong>15</strong></span> 
     </span>
     <span class='ocr_line' id='line_1_17' title="bbox 138 1623 1881 1690; baseline 0.001 -17"><span class='ocrx_word' id='word_1_141' title='bbox 138 1633 258 1674; x_wconf 89' lang='lat' dir='ltr'><strong>natu</strong></span> <span class='ocrx_word' id='word_1_142' title='bbox 293 1624 548 1685; x_wconf 91' lang='lat' dir='ltr'><strong>minimus,</strong></span> <span class='ocrx_word' id='word_1_143' title='bbox 575 1625 776 1690; x_wconf 90' lang='lat' dir='ltr'><strong>ingenio</strong></span> <span class='ocrx_word' id='word_1_144' title='bbox 814 1633 863 1674; x_wconf 97' lang='lat' dir='ltr'><strong>et</strong></span> <span class='ocrx_word' id='word_1_145' title='bbox 900 1623 1157 1688; x_wconf 89' lang='lat' dir='ltr'><strong>diligentia</strong></span> <span class='ocrx_word' id='word_1_146' title='bbox 1181 1633 1231 1673; x_wconf 94' lang='lat' dir='ltr'><strong>et</strong></span> <span class='ocrx_word' id='word_1_147' title='bbox 1255 1626 1493 1688; x_wconf 88' lang='lat' dir='ltr'><strong>religione</strong></span> <span class='ocrx_word' id='word_1_148' title='bbox 1517 1641 1605 1687; x_wconf 92' lang='lat' dir='ltr'><strong>par</strong></span> <span class='ocrx_word' id='word_1_149' title='bbox 1641 1624 1724 1685; x_wconf 90' lang='lat' dir='ltr'><strong>eis,</strong></span> <span class='ocrx_word' id='word_1_150' title='bbox 1754 1642 1881 1689; x_wconf 77' lang='lat' dir='ltr'><strong>qups</strong></span> 
     </span>
     <span class='ocr_line' id='line_1_18' title="bbox 140 1713 1876 1776; baseline -0.001 -13"><span class='ocrx_word' id='word_1_151' title='bbox 140 1721 287 1763; x_wconf 91' lang='lat' dir='ltr'><strong>antea</strong></span> <span class='ocrx_word' id='word_1_152' title='bbox 335 1714 741 1776; x_wconf 84' lang='lat' dir='ltr'><strong>commemoravi,</strong></span> <span class='ocrx_word' id='word_1_153' title='bbox 788 1717 839 1762; x_wconf 92' lang='lat' dir='ltr'><strong>P.</strong></span> <span class='ocrx_word' id='word_1_154' title='bbox 895 1713 1134 1774; x_wconf 89' lang='lat' dir='ltr'><strong>Saturius,</strong></span> <span class='ocrx_word' id='word_1_155' title='bbox 1173 1713 1224 1762; x_wconf 93' lang='lat' dir='ltr'><strong>in</strong></span> <span class='ocrx_word' id='word_1_156' title='bbox 1266 1715 1444 1763; x_wconf 91' lang='lat' dir='ltr'><strong>eadem</strong></span> <span class='ocrx_word' id='word_1_157' title='bbox 1493 1714 1741 1764; x_wconf 90' lang='lat' dir='ltr'><strong>sententia</strong></span> <span class='ocrx_word' id='word_1_158' title='bbox 1774 1714 1876 1762; x_wconf 87' lang='lat' dir='ltr'><strong>fuit.</strong></span> 
     </span>
     <span class='ocr_line' id='line_1_19' title="bbox 142 1801 1885 1866; baseline -0.002 -10"><span class='ocrx_word' id='word_1_159' title='bbox 142 1802 251 1856; x_wconf 87' lang='lat'><strong>108.</strong></span> <span class='ocrx_word' id='word_1_160' title='bbox 294 1804 340 1853; x_wconf 95' lang='lat' dir='ltr'>O</span> <span class='ocrx_word' id='word_1_161' title='bbox 378 1803 720 1853; x_wconf 90' lang='lat' dir='ltr'><strong>innocentiam</strong></span> <span class='ocrx_word' id='word_1_162' title='bbox 759 1802 1028 1866; x_wconf 92' lang='lat' dir='ltr'><strong>Oppianici</strong></span> <span class='ocrx_word' id='word_1_163' title='bbox 1065 1803 1399 1866; x_wconf 80' lang='lat' dir='ltr'><strong>singularem!</strong></span> <span class='ocrx_word' id='word_1_164' title='bbox 1447 1819 1548 1866; x_wconf 94' lang='lat' dir='ltr'><strong>quo</strong></span> <span class='ocrx_word' id='word_1_165' title='bbox 1583 1801 1635 1850; x_wconf 90' lang='lat' dir='ltr'><strong>in</strong></span> <span class='ocrx_word' id='word_1_166' title='bbox 1671 1818 1769 1863; x_wconf 91' lang='lat' dir='ltr'><strong>reo,</strong></span> <span class='ocrx_word' id='word_1_167' title='bbox 1798 1805 1885 1866; x_wconf 89' lang='lat' dir='ltr'><strong>qui</strong></span> 
     </span>
     <span class='ocr_line' id='line_1_20' title="bbox 139 1891 1883 1958; baseline 0.001 -18"><span class='ocrx_word' id='word_1_168' title='bbox 139 1892 352 1942; x_wconf 89' lang='lat' dir='ltr'><strong>absolvit</strong></span> <span class='ocrx_word' id='word_1_169' title='bbox 377 1891 685 1953; x_wconf 82' lang='lat' dir='ltr'><strong>ambitiosus,</strong></span> <span class='ocrx_word' id='word_1_170' title='bbox 714 1891 799 1955; x_wconf 94' lang='lat' dir='ltr'><strong>qui</strong></span> <span class='ocrx_word' id='word_1_171' title='bbox 826 1891 1016 1941; x_wconf 90' lang='lat' dir='ltr'><strong>distulit</strong></span> <span class='ocrx_word' id='word_1_172' title='bbox 1042 1901 1228 1958; x_wconf 80' lang='lat' dir='ltr'><strong>cautus,</strong></span> <span class='ocrx_word' id='word_1_173' title='bbox 1257 1892 1342 1955; x_wconf 94' lang='lat' dir='ltr'><strong>qui</strong></span> <span class='ocrx_word' id='word_1_174' title='bbox 1379 1891 1736 1942; x_wconf 88' lang='lat' dir='ltr'><strong>condemnavit</strong></span> <span class='ocrx_word' id='word_1_175' title='bbox 1767 1909 1883 1942; x_wconf 94' lang='lat' dir='ltr'><strong>con-</strong></span> 
     </span>
     <span class='ocr_line' id='line_1_21' title="bbox 140 1981 1970 2031; baseline -0.002 -1"><span class='ocrx_word' id='word_1_176' title='bbox 140 1991 274 2031; x_wconf 89' lang='lat' dir='ltr'><strong>stans</strong></span> <span class='ocrx_word' id='word_1_177' title='bbox 299 1981 620 2031; x_wconf 85' lang='lat' dir='ltr'><strong>existimatur.</strong></span> <span class='ocrx_word' id='word_1_178' title='bbox 1909 1996 1970 2026; x_wconf 89' lang='lat'><strong>20</strong></span> 
     </span>
     <span class='ocr_line' id='line_1_22' title="bbox 206 2070 1882 2134; baseline 0 -14"><span class='ocrx_word' id='word_1_179' title='bbox 206 2073 445 2121; x_wconf 89' lang='lat' dir='ltr'><strong>XXXIX.</strong></span> <span class='ocrx_word' id='word_1_180' title='bbox 489 2073 636 2121; x_wconf 86' lang='lat' dir='ltr'><strong>Haec</strong></span> <span class='ocrx_word' id='word_1_181' title='bbox 683 2079 790 2119; x_wconf 91' lang='lat' dir='ltr'><strong>tum</strong></span> <span class='ocrx_word' id='word_1_182' title='bbox 836 2079 1017 2134; x_wconf 88' lang='lat' dir='ltr'><strong>agente</strong></span> <span class='ocrx_word' id='word_1_183' title='bbox 1067 2070 1308 2132; x_wconf 82' lang='lat' dir='ltr'><strong>Quinctio</strong></span> <span class='ocrx_word' id='word_1_184' title='bbox 1355 2087 1521 2134; x_wconf 90' lang='lat' dir='ltr'><strong>neque</strong></span> <span class='ocrx_word' id='word_1_185' title='bbox 1557 2071 1608 2119; x_wconf 92' lang='lat' dir='ltr'><strong>in</strong></span> <span class='ocrx_word' id='word_1_186' title='bbox 1645 2070 1882 2120; x_wconf 90' lang='lat' dir='ltr'><strong>contione</strong></span> 
     </span>
     <span class='ocr_line' id='line_1_23' title="bbox 140 2159 1882 2224; baseline -0.002 -14"><span class='ocrx_word' id='word_1_187' title='bbox 140 2176 304 2224; x_wconf 91' lang='lat' dir='ltr'><strong>neque</strong></span> <span class='ocrx_word' id='word_1_188' title='bbox 335 2160 387 2208; x_wconf 89' lang='lat' dir='ltr'><strong>in</strong></span> <span class='ocrx_word' id='word_1_189' title='bbox 422 2159 609 2209; x_wconf 89' lang='lat' dir='ltr'><strong>iudicio</strong></span> <span class='ocrx_word' id='word_1_190' title='bbox 651 2161 994 2209; x_wconf 90' lang='lat' dir='ltr'><strong>demonstrata</strong></span> <span class='ocrx_word' id='word_1_191' title='bbox 1036 2168 1163 2208; x_wconf 87' lang='lat' dir='ltr'><strong>sunt.</strong></span> <span class='ocrx_word' id='word_1_192' title='bbox 1237 2161 1417 2223; x_wconf 84' lang='lat' dir='ltr'><strong>Neque</strong></span> <span class='ocrx_word' id='word_1_193' title='bbox 1460 2160 1594 2208; x_wconf 89' lang='lat' dir='ltr'><strong>enim</strong></span> <span class='ocrx_word' id='word_1_194' title='bbox 1638 2159 1745 2223; x_wconf 91' lang='lat' dir='ltr'><strong>ipse</strong></span> <span class='ocrx_word' id='word_1_195' title='bbox 1781 2159 1882 2209; x_wconf 87' lang='lat' dir='ltr'><strong>dici</strong></span> 
     </span>
     <span class='ocr_line' id='line_1_24' title="bbox 139 2248 1884 2313; baseline -0.001 -15"><span class='ocrx_word' id='word_1_196' title='bbox 139 2250 420 2313; x_wconf 88' lang='lat' dir='ltr'><strong>patiebatur</strong></span> <span class='ocrx_word' id='word_1_197' title='bbox 455 2266 548 2299; x_wconf 93' lang='lat' dir='ltr'><strong>nec</strong></span> <span class='ocrx_word' id='word_1_198' title='bbox 591 2266 678 2313; x_wconf 92' lang='lat' dir='ltr'><strong>per</strong></span> <span class='ocrx_word' id='word_1_199' title='bbox 715 2248 1088 2298; x_wconf 88' lang='lat' dir='ltr'><strong>multitudinem</strong></span> <span class='ocrx_word' id='word_1_200' title='bbox 1130 2248 1434 2298; x_wconf 84' lang='lat' dir='ltr'><strong>concitatam</strong></span> <span class='ocrx_word' id='word_1_201' title='bbox 1476 2248 1748 2298; x_wconf 89' lang='lat' dir='ltr'><strong>consistere</strong></span> <span class='ocrx_word' id='word_1_202' title='bbox 1785 2248 1884 2297; x_wconf 92' lang='lat' dir='ltr'><strong>cui-</strong></span> 
     </span>
     <span class='ocr_line' id='line_1_25' title="bbox 141 2338 1884 2403; baseline 0 -16"><span class='ocrx_word' id='word_1_203' title='bbox 141 2355 288 2403; x_wconf 90' lang='lat' dir='ltr'><strong>quam</strong></span> <span class='ocrx_word' id='word_1_204' title='bbox 315 2339 366 2388; x_wconf 91' lang='lat' dir='ltr'><strong>in</strong></span> <span class='ocrx_word' id='word_1_205' title='bbox 393 2339 609 2388; x_wconf 92' lang='lat' dir='ltr'><strong>dicendo</strong></span> <span class='ocrx_word' id='word_1_206' title='bbox 634 2338 828 2388; x_wconf 89' lang='lat' dir='ltr'><strong>licebat.</strong></span> <span class='ocrx_word' id='word_1_207' title='bbox 903 2339 1082 2403; x_wconf 88' lang='lat' dir='ltr'><strong>Itaque</strong></span> <span class='ocrx_word' id='word_1_208' title='bbox 1107 2338 1213 2402; x_wconf 90' lang='lat' dir='ltr'><strong>ipse</strong></span> <span class='ocrx_word' id='word_1_209' title='bbox 1246 2347 1513 2402; x_wconf 89' lang='lat' dir='ltr'><strong>postquam</strong></span> <span class='ocrx_word' id='word_1_210' title='bbox 1541 2340 1742 2387; x_wconf 92' lang='lat' dir='ltr'><strong>Iunium</strong></span> <span class='ocrx_word' id='word_1_211' title='bbox 1779 2356 1884 2403; x_wconf 90' lang='lat' dir='ltr'><strong>per-</strong></span> 
     </span>
     <span class='ocr_line' id='line_1_26' title="bbox 141 2427 1966 2492; baseline 0 -15"><span class='ocrx_word' id='word_1_212' title='bbox 141 2428 300 2488; x_wconf 91' lang='lat' dir='ltr'><strong>vertit,</strong></span> <span class='ocrx_word' id='word_1_213' title='bbox 327 2436 486 2478; x_wconf 90' lang='lat' dir='ltr'><strong>totam</strong></span> <span class='ocrx_word' id='word_1_214' title='bbox 512 2444 718 2477; x_wconf 89' lang='lat' dir='ltr'><strong>causam</strong></span> <span class='ocrx_word' id='word_1_215' title='bbox 743 2427 956 2492; x_wconf 88' lang='lat' dir='ltr'><strong>reliquit.</strong></span> <span class='ocrx_word' id='word_1_216' title='bbox 1020 2428 1201 2477; x_wconf 88' lang='lat' dir='ltr'><strong>Paucis</strong></span> <span class='ocrx_word' id='word_1_217' title='bbox 1227 2427 1360 2477; x_wconf 91' lang='lat' dir='ltr'><strong>enim</strong></span> <span class='ocrx_word' id='word_1_218' title='bbox 1387 2428 1563 2477; x_wconf 91' lang='lat' dir='ltr'><strong>diebus</strong></span> <span class='ocrx_word' id='word_1_219' title='bbox 1588 2428 1683 2476; x_wconf 91' lang='lat' dir='ltr'><strong>illis</strong></span> <span class='ocrx_word' id='word_1_220' title='bbox 1703 2437 1752 2478; x_wconf 94' lang='lat' dir='ltr'><strong>et</strong></span> <span class='ocrx_word' id='word_1_221' title='bbox 1775 2427 1884 2492; x_wconf 93' lang='lat' dir='ltr'><strong>ipse</strong></span> <span class='ocrx_word' id='word_1_222' title='bbox 1910 2437 1966 2485; x_wconf 91' lang='lat'><strong>25</strong></span> 
     </span>
     <span class='ocr_line' id='line_1_27' title="bbox 142 2516 1881 2582; baseline 0.002 -17"><span class='ocrx_word' id='word_1_223' title='bbox 142 2518 362 2581; x_wconf 88' lang='lat' dir='ltr'><strong>privatus</strong></span> <span class='ocrx_word' id='word_1_224' title='bbox 388 2527 462 2567; x_wconf 89' lang='lat' dir='ltr'><strong>est</strong></span> <span class='ocrx_word' id='word_1_225' title='bbox 487 2519 649 2566; x_wconf 92' lang='lat' dir='ltr'><strong>factus</strong></span> <span class='ocrx_word' id='word_1_226' title='bbox 676 2526 725 2567; x_wconf 92' lang='lat' dir='ltr'><strong>et</strong></span> <span class='ocrx_word' id='word_1_227' title='bbox 749 2517 1012 2567; x_wconf 89' lang='lat' dir='ltr'><strong>hominum</strong></span> <span class='ocrx_word' id='word_1_228' title='bbox 1050 2517 1213 2567; x_wconf 88' lang='lat' dir='ltr'><strong>studia</strong></span> <span class='ocrx_word' id='word_1_229' title='bbox 1248 2517 1514 2567; x_wconf 88' lang='lat' dir='ltr'><strong>defervisse</strong></span> <span class='ocrx_word' id='word_1_230' title='bbox 1548 2516 1881 2582; x_wconf 87' lang='lat' dir='ltr'><strong>intellegebat.</strong></span> 
     </span>
     <span class='ocr_line' id='line_1_28' title="bbox 141 2606 1884 2671; baseline 0.001 -17"><span class='ocrx_word' id='word_1_231' title='bbox 141 2607 295 2668; x_wconf 86' lang='lat' dir='ltr'><strong>Quod</strong></span> <span class='ocrx_word' id='word_1_232' title='bbox 320 2607 361 2654; x_wconf 89' lang='lat' dir='ltr'><strong>si</strong></span> <span class='ocrx_word' id='word_1_233' title='bbox 385 2623 474 2671; x_wconf 93' lang='lat' dir='ltr'><strong>per</strong></span> <span class='ocrx_word' id='word_1_234' title='bbox 498 2623 626 2671; x_wconf 90' lang='lat' dir='ltr'><strong>quos</strong></span> <span class='ocrx_word' id='word_1_235' title='bbox 665 2607 772 2657; x_wconf 92' lang='lat' dir='ltr'><strong>dies</strong></span> <span class='ocrx_word' id='word_1_236' title='bbox 799 2607 1002 2656; x_wconf 91' lang='lat' dir='ltr'><strong>Iunium</strong></span> <span class='ocrx_word' id='word_1_237' title='bbox 1044 2607 1298 2656; x_wconf 92' lang='lat' dir='ltr'><strong>accusavit</strong></span> <span class='ocrx_word' id='word_1_238' title='bbox 1338 2606 1704 2657; x_wconf 91' lang='lat' dir='ltr'><strong>Fidiculanium</strong></span> <span class='ocrx_word' id='word_1_239' title='bbox 1742 2624 1884 2657; x_wconf 90' lang='lat' dir='ltr'><strong>accu-</strong></span> 
     </span>
     <span class='ocr_line' id='line_1_29' title="bbox 141 2696 1881 2760; baseline 0 -16"><span class='ocrx_word' id='word_1_240' title='bbox 141 2711 246 2745; x_wconf 87' lang='lat' dir='ltr'><strong>sare</strong></span> <span class='ocrx_word' id='word_1_241' title='bbox 292 2696 545 2758; x_wconf 88' lang='lat' dir='ltr'><strong>voluisset,</strong></span> <span class='ocrx_word' id='word_1_242' title='bbox 593 2697 935 2760; x_wconf 89' lang='lat' dir='ltr'><strong>respondendi</strong></span> <span class='ocrx_word' id='word_1_243' title='bbox 994 2696 1309 2746; x_wconf 89' lang='lat' dir='ltr'><strong>Fidiculanio</strong></span> <span class='ocrx_word' id='word_1_244' title='bbox 1347 2705 1568 2760; x_wconf 90' lang='lat' dir='ltr'><strong>potestas</strong></span> <span class='ocrx_word' id='word_1_245' title='bbox 1608 2698 1738 2746; x_wconf 90' lang='lat' dir='ltr'><strong>facta</strong></span> <span class='ocrx_word' id='word_1_246' title='bbox 1779 2714 1881 2746; x_wconf 91' lang='lat' dir='ltr'><strong>non</strong></span> 
     </span>
     <span class='ocr_line' id='line_1_30' title="bbox 115 2785 1884 2850; baseline 0.001 -16"><span class='ocrx_word' id='word_1_247' title='bbox 115 2794 284 2849; x_wconf 79' lang='lat' dir='ltr'><strong>esset.</strong></span> <span class='ocrx_word' id='word_1_248' title='bbox 354 2788 436 2834; x_wconf 87' lang='lat' dir='ltr'><strong>Ac·</strong></span> <span class='ocrx_word' id='word_1_249' title='bbox 454 2785 616 2849; x_wconf 88' lang='lat' dir='ltr'><strong>primo</strong></span> <span class='ocrx_word' id='word_1_250' title='bbox 652 2786 858 2850; x_wconf 90' lang='lat' dir='ltr'><strong>quidem</strong></span> <span class='ocrx_word' id='word_1_251' title='bbox 885 2787 1119 2836; x_wconf 90' lang='lat' dir='ltr'><strong>omnibus</strong></span> <span class='ocrx_word' id='word_1_252' title='bbox 1156 2786 1250 2835; x_wconf 90' lang='lat' dir='ltr'><strong>illis</strong></span> <span class='ocrx_word' id='word_1_253' title='bbox 1286 2785 1550 2846; x_wconf 88' lang='lat' dir='ltr'><strong>iudicibus,</strong></span> <span class='ocrx_word' id='word_1_254' title='bbox 1576 2788 1662 2850; x_wconf 91' lang='lat' dir='ltr'><strong>qui</strong></span> <span class='ocrx_word' id='word_1_255' title='bbox 1698 2785 1884 2850; x_wconf 88' lang='lat' dir='ltr'><strong>Oppia-</strong></span> 
     </span>
     <span class='ocr_line' id='line_1_31' title="bbox 139 2874 1969 2940; baseline 0.003 -18"><span class='ocrx_word' id='word_1_256' title='bbox 139 2874 310 2923; x_wconf 91' lang='lat' dir='ltr'><strong>nicum</strong></span> <span class='ocrx_word' id='word_1_257' title='bbox 369 2876 777 2937; x_wconf 91' lang='lat' dir='ltr'><strong>condemnarant,</strong></span> <span class='ocrx_word' id='word_1_258' title='bbox 827 2878 1123 2926; x_wconf 90' lang='lat' dir='ltr'><strong>minabatur.</strong></span> <span class='ocrx_word' id='word_1_259' title='bbox 1232 2886 1344 2940; x_wconf 88' lang='lat'><strong>109.</strong></span> <span class='ocrx_word' id='word_1_260' title='bbox 1395 2874 1517 2924; x_wconf 46' lang='lat' dir='ltr'><strong>‘Iam</strong></span> <span class='ocrx_word' id='word_1_261' title='bbox 1565 2875 1880 2925; x_wconf 91' lang='lat' dir='ltr'><strong>insolentiam</strong></span> <span class='ocrx_word' id='word_1_262' title='bbox 1905 2882 1969 2928; x_wconf 85' lang='lat'><strong>30</strong></span> 
     </span>
     <span class='ocr_line' id='line_1_32' title="bbox 140 2962 1876 3030; baseline 0.001 -19"><span class='ocrx_word' id='word_1_263' title='bbox 140 2963 323 3015; x_wconf 90' lang='lat' dir='ltr'><strong>noratis</strong></span> <span class='ocrx_word' id='word_1_264' title='bbox 359 2962 608 3013; x_wconf 89' lang='lat' dir='ltr'><strong>hominis:</strong></span> <span class='ocrx_word' id='word_1_265' title='bbox 643 2964 830 3022; x_wconf 86' lang='lat' dir='ltr'><strong>noratis</strong></span> <span class='ocrx_word' id='word_1_266' title='bbox 867 2965 1061 3014; x_wconf 89' lang='lat' dir='ltr'><strong>animos</strong></span> <span class='ocrx_word' id='word_1_267' title='bbox 1099 2963 1202 3014; x_wconf 91' lang='lat' dir='ltr'><strong>eius</strong></span> <span class='ocrx_word' id='word_1_268' title='bbox 1238 2980 1298 3013; x_wconf 91' lang='lat' dir='ltr'><strong>ac</strong></span> <span class='ocrx_word' id='word_1_269' title='bbox 1338 2964 1536 3028; x_wconf 89' lang='lat' dir='ltr'><strong>spiritus</strong></span> <span class='ocrx_word' id='word_1_270' title='bbox 1572 2964 1876 3030; x_wconf 81' lang='lat' dir='ltr'><strong>tribunicios,</strong></span> 
     </span>
     <span class='ocr_line' id='line_1_33' title="bbox 143 3040 1879 3117; baseline 0.001 -18"><span class='ocrx_word' id='word_1_271' title='bbox 143 3052 294 3114; x_wconf 88' lang='lat' dir='ltr'><strong>Quod</strong></span> <span class='ocrx_word' id='word_1_272' title='bbox 319 3060 423 3100; x_wconf 89' lang='lat' dir='ltr'><strong>erat</strong></span> <span class='ocrx_word' id='word_1_273' title='bbox 448 3040 633 3113; x_wconf 89' lang='lat' dir='ltr'><strong>odium,</strong></span> <span class='ocrx_word' id='word_1_274' title='bbox 661 3053 713 3103; x_wconf 93' lang='lat' dir='ltr'><strong>di</strong></span> <span class='ocrx_word' id='word_1_275' title='bbox 738 3053 1040 3103; x_wconf 90' lang='lat' dir='ltr'><strong>immortales</strong></span> <span class='ocrx_word' id='word_1_276' title='bbox 1061 3056 1070 3101; x_wconf 77' lang='grc' dir='ltr'><strong>Ξ</strong></span> <span class='ocrx_word' id='word_1_277' title='bbox 1096 3070 1225 3117; x_wconf 90' lang='lat' dir='ltr'><strong>quae</strong></span> <span class='ocrx_word' id='word_1_278' title='bbox 1250 3053 1480 3116; x_wconf 90' lang='lat' dir='ltr'><strong>superbia</strong></span> <span class='ocrx_word' id='word_1_279' title='bbox 1500 3056 1509 3102; x_wconf 81' lang='lat' dir='ltr'><strong>l</strong></span> <span class='ocrx_word' id='word_1_280' title='bbox 1536 3062 1722 3117; x_wconf 92' lang='lat' dir='ltr'><strong>quanta</strong></span> <span class='ocrx_word' id='word_1_281' title='bbox 1746 3055 1879 3117; x_wconf 90' lang='lat' dir='ltr'><strong>igno-</strong></span> 
     </span>
     <span class='ocr_line' id='line_1_34' title="bbox 140 3139 1879 3211; baseline 0 -23"><span class='ocrx_word' id='word_1_282' title='bbox 140 3139 264 3188; x_wconf 87' lang='lat' dir='ltr'><strong>ratio</strong></span> <span class='ocrx_word' id='word_1_283' title='bbox 314 3140 419 3193; x_wconf 84' lang='lat' dir='ltr'><strong>sui!</strong></span> <span class='ocrx_word' id='word_1_284' title='bbox 460 3158 609 3204; x_wconf 82' lang='lat' dir='ltr'><strong>quarn</strong></span> <span class='ocrx_word' id='word_1_285' title='bbox 649 3142 807 3211; x_wconf 49' lang='lat' dir='ltr'><strong>graffiis</strong></span> <span class='ocrx_word' id='word_1_286' title='bbox 852 3152 1002 3206; x_wconf 88' lang='lat' dir='ltr'><strong>atque</strong></span> <span class='ocrx_word' id='word_1_287' title='bbox 1046 3142 1368 3192; x_wconf 84' lang='lat' dir='ltr'><strong>intolerabilis</strong></span> <span class='ocrx_word' id='word_1_288' title='bbox 1418 3142 1740 3211; x_wconf 79' lang='lat' dir='ltr'><strong>adrogantia!</strong></span> <span class='ocrx_word' id='word_1_289' title='bbox 1794 3141 1879 3205; x_wconf 84' lang='lat' dir='ltr'><strong>qui</strong></span> 
     </span>
    </p>
   </div>
   <div class='ocr_carea' id='block_1_5' title="bbox 697 3254 910 3313">
    <p class='ocr_par' dir='ltr' id='par_1_5' title="bbox 697 3254 910 3313">
     <span class='ocr_line' id='line_1_35' title="bbox 697 3254 910 3313; baseline 0.014 -24"><span class='ocrx_word' id='word_1_290' title='bbox 697 3266 728 3289; x_wconf 49' lang='grc' dir='ltr'><strong>ἦ,</strong></span> <span class='ocrx_word' id='word_1_291' title='bbox 761 3266 822 3313; x_wconf 28' lang='grc' dir='ltr'><strong>),“ι”</strong></span> <span class='ocrx_word' id='word_1_292' title='bbox 841 3254 910 3291; x_wconf 38' lang='grc' dir='ltr'><strong>Οἱ.</strong></span> 
     </span>
    </p>
   </div>
  </div>
 </body>
</html>
