2106 3386
246 129 320 179 66
470 125 624 178 PRO
668 123 736 174 A.
778 121 1196 175 CLUENTIO
1239 119 1565 173 ORATIO.
1717 117 1861 185 [LXI.
1898 129 1990 183 171

246 283 398 330 quem
416 274 619 330 propter
637 262 791 312 animi
806 260 1235 325 importunitatem
1256 274 1405 308 nemo
1424 257 1646 320 recipere
1668 266 1818 316 tecto,
1842 273 1996 307 nemo

245 356 396 414 adire,
446 370 598 403 nemo
647 351 868 415 adloqui,
919 366 1069 399 nemo
1118 348 1339 412 aspicere
1387 348 1578 395 vellet?
1634 347 1802 395 Huius
1849 345 2001 410 igitur

249 443 470 493 Habitus
507 441 637 490 vitae
675 439 972 489 invidebat?
1045 444 1159 502 171.
1200 438 1356 485 Hunc
1406 434 1446 483 si
1496 435 1676 484 acerbe
1712 443 1761 484 et
1797 433 1996 498 penitus

247 533 435 591 oderat,
464 546 567 579 non
593 546 711 578 eum
738 544 891 591 quam
918 526 1195 575 diutissime
1222 524 1387 573 vivere
1423 524 1551 572 velle
1588 524 1843 572 debebat?
1879 521 1997 571 huic

191 635 216 684 5
246 629 460 670 mortem
496 619 778 667 maturabat
814 615 1061 674 inimicus,
1101 614 1241 677 quod
1289 614 1359 660 illi
1407 627 1562 660 unum
1611 613 1663 660 in
1699 612 1844 660 malis
1892 621 1998 661 erat

245 711 524 775 perfugium
551 705 884 756 calamitatis?
922 706 1008 767 qui
1037 705 1077 752 51
1104 701 1225 766 quid
1250 700 1405 750 animi
1432 710 1480 749 et
1505 699 1698 749 virtutis
1722 700 1997 760 habuisset,

245 809 302 849 ut
325 799 470 848 multi
497 813 646 860 saepe
673 797 824 845 fortes
849 793 941 843 viri
966 794 1017 842 in
1045 792 1150 842 eius
1174 791 1316 840 modi
1336 792 1523 851 dolore,
1546 799 1756 839 mortem
1777 790 1871 839 sibi
1891 792 1998 854 ipse

246 889 551 939 conscisset:
588 885 707 934 huic
733 901 883 948 quam
909 884 976 933 ob
1001 899 1107 931 rem
1132 883 1184 931 id
1209 883 1360 931 vellet
1385 881 1617 929 inimicus
1643 881 1833 941 offerre,
1860 883 1998 944 quod

244 979 351 1043 ipse
378 977 471 1027 sibi
497 985 670 1040 optare
697 975 941 1023 deberet?
978 974 1109 1020 Nam
1147 987 1282 1019 nunc
1320 971 1522 1033 quidem
1550 970 1672 1033 quid
1698 971 1903 1020 tandem
1928 970 1999 1020 illi

160 1083 220 1115 10
245 1067 362 1117 mali
387 1083 521 1116 mors
547 1064 748 1114 attulit?
783 1063 878 1111 nisi
914 1056 1042 1111 forte
1066 1060 1250 1123 ineptis
1278 1059 1463 1109 fabulis
1489 1060 1734 1120 ducimur,
1760 1068 1815 1109 ut
1841 1060 2002 1110 existi-

244 1174 438 1207 memus
463 1156 600 1204 illum
627 1155 692 1203 ad
716 1153 902 1203 inferos
939 1151 1204 1215 impiorum
1242 1149 1486 1214 supplicia
1510 1151 1724 1213 perferre
1749 1166 1809 1199 ac
1832 1152 2000 1214 plures

244 1248 345 1297 illic
393 1246 665 1319 offendisse
712 1243 963 1303 inimicos,
1013 1258 1164 1305 quam
1201 1240 1284 1289 hic
1320 1239 1607 1303 reliquisse:
1643 1255 1674 1288 a
1709 1255 1895 1301 socrus,
1934 1242 1998 1291 ab

243 1314 469 1396 uxorum,
509 1352 538 1384 a
574 1334 749 1396 fratris,
775 1350 805 1381 a
830 1333 1045 1382 liberum
1072 1330 1258 1405 Poenis
1286 1340 1455 1379 actum
1476 1346 1584 1379 esse
1603 1317 1928 1395 praecipitem
1948 1334 1999 1381 in

243 1428 597 1475 sceleratorum
623 1425 798 1472 sedem
824 1439 883 1471 ac
907 1422 1180 1485 regionem.
1262 1421 1408 1482 Quae
1427 1420 1468 1468 si
1493 1420 1617 1468 falsa
1635 1402 1765 1480 sunt,
1786 1421 1840 1469 id
1859 1423 2000 1484 quod

158 1528 216 1579 15
244 1531 420 1564 omnes
446 1513 757 1576 intellegunt,
786 1511 909 1574 quid
936 1510 981 1560 ei
1001 1509 1207 1559 tandem
1234 1509 1413 1572 eripuit
1433 1525 1566 1557 mors
1585 1517 1781 1572 praeter
1780 1526 1999 1586 gensum

243 1603 469 1674 doloris?
543 1610 658 1667 172.
698 1604 807 1664 Age
850 1616 985 1659 vero,
1023 1615 1113 1663 per
1169 1614 1324 1661 quem
1360 1613 1615 1647 venenum
1657 1597 1869 1647 datum?
1906 1602 2003 1649 Per

246 1672 324 1741 M
342 1671 605 1741 Asellium.

313 1782 481 1829 LXII.
527 1778 667 1841 Quid
703 1777 821 1826 huic
860 1795 977 1826 cum
1016 1779 1256 1829 Habito?
1294 1778 1451 1829 nihil:
1487 1778 1823 1851 Qdfffi
1860 1779 2003 1844 quod
2070 1763 2074 1768 ’

243 1870 326 1919 1116
353 1868 642 1932 Oppianico
671 1866 1055 1918 familiarissime
1098 1879 1173 1919 est
1202 1885 1337 1929 usus,
1366 1867 1536 1932 potius
1562 1868 1713 1918 etiam
1738 1867 1993 1942 Qfflffifi·

154 1974 218 2006 20
245 1958 373 2007 Eine
399 1957 561 2021 igitur,
583 1972 736 2019 quem
758 1955 854 2004 sibi
875 1957 1214 2031 offensiorem,
1249 1957 1539 2021 Oppianico
1562 1955 1999 2007 familiarissimum

243 2047 435 2096 sciebat
472 2062 596 2105 esse,
637 2026 1045 2109 110115511111111161
1087 2049 1250 2096 5661115
1287 2063 1429 2096 51111111
1470 2056 1519 2096 61
1554 2046 1686 2102 1111115
1722 2045 2001 2110 periculum

242 2135 632 2186 committebat?
668 2135 772 2184 Cur
808 2133 957 2197 igitur
992 2145 1060 2197 tu,
1101 2136 1187 2200 qui
1226 2136 1414 2200 pietate
1449 2137 1515 2186 ad
1551 2137 1896 2186 accusandum
1921 2151 2003 2185 ex-

243 2227 425 2276 citatus
452 2242 519 2283 65,
546 2226 684 2273 1111116
710 2223 955 2273 Α5611111111
981 2241 1091 2275 6556
1118 2226 1334 2275 inultum
1361 2236 1462 2275 tam
1488 2225 1574 2276 diu
1594 2225 1752 2275 sinis?
1787 2241 1877 2274 cur
1893 2241 1999 2274 non

244 2316 426 2365 Habiti
453 2315 687 2377 exemplo
713 2329 831 2361 usus
857 2330 927 2375 es,
954 2323 1009 2362 ut
1035 2331 1124 2378 per
1162 2314 1319 2374 illum,
1348 2315 1434 2378 qui
1459 2316 1704 2364 attulisset
1728 2331 2001 2375 venenum,

153 2419 180 2451 2
187 2416 214 2468 5
243 2408 308 2456 de
349 2408 448 2454 hoc
474 2403 934 2468 praeiudicaretur?
1005 2411 1120 2469 173.
1162 2407 1271 2453 Iam
1296 2422 1414 2454 vero
1439 2404 1562 2453 illud
1588 2421 1739 2469 quam
1763 2420 1866 2454 non
1891 2420 2000 2469 pro-

242 2496 427 2555 babile,
451 2511 605 2559 quam
626 2493 936 2555 inusitatum,
961 2493 1168 2555 iudices,
1191 2511 1339 2558 quam
1368 2511 1571 2555 novum,
1600 2494 1650 2543 in
1670 2476 1811 2559 pane*
1827 2493 2002 2544 datum

242 2601 493 2636 venenum
517 2589 526 2633 1
564 2584 848 2633 Faciliusne
898 2584 1062 2647 potuit
1113 2601 1266 2647 quam
1314 2583 1367 2632 in
1414 2586 1615 2648 poculo,
1653 2583 1799 2633 latius
1834 2582 1998 2647 potuit

243 2676 474 2726 abditum
495 2673 663 2737 aliqua
679 2673 728 2721 in
749 2682 890 2737 parte
917 2673 1078 2736 panis,
1102 2690 1251 2737 quam
1276 2673 1317 2723 si
1336 2683 1497 2723 totum
1519 2673 1929 2738 colliquefactum
1949 2671 2000 2720 in

240 2765 450 2830 potione
477 2772 623 2825 esset,
651 2764 864 2813 celerius
891 2762 1054 2827 potuit
1080 2773 1359 2836 comestum
1381 2781 1531 2828 quam
1551 2773 1754 2827 epotum
1773 2764 1826 2811 in
1843 2778 1998 2812 venas

148 2870 216 2918 30
241 2863 392 2918 atque
419 2855 470 2901 in
497 2869 674 2902 omnes
701 2861 867 2915 partes
896 2854 1119 2916 corporis
1146 2855 1477 2916 permanare?
1512 2852 1704 2902 facilius
1739 2852 1910 2901 fallere
1945 2849 1996 2898 in

239 2918 467 3022 paneKsi
505 2951 637 2991 esset
675 2933 1110 3020 animadversum)
1136 2958 1289 3005 quam
1326 2941 1377 2990 in
1413 2943 1613 3006 poculo,
1640 2957 1758 2990 cum
1783 2939 1852 2990 ita
1873 2954 1994 2988 con-

237 3034 406 3082 fusum
429 3040 575 3091 esset,
596 3039 650 3079 ut
671 3030 864 3079 secerni
886 3033 1026 3080 nullo
1045 3031 1201 3081 modo
1220 3034 1431 3095 posset?
1466 3034 1534 3080 At
1558 3030 1817 3094 repentina
1837 3037 1997 3079 morte

234 3120 391 3186 periit.
434 3136 437 3139 ’
469 3127 584 3186 174.
628 3120 783 3182 Quod
819 3118 861 3168 si
902 3129 1033 3170 esset
1069 3120 1138 3170 ita
1176 3121 1378 3181 factum,
1407 3130 1576 3170 tamen
1602 3137 1662 3171 ea
1685 3135 1764 3170 res
1796 3126 2001 3183 propter
