2106 3386
277 184 348 223 20
606 167 760 221 PRO
800 167 871 222 A.
911 166 1329 221 CLUENTIO
1370 165 1696 220 ORATIO.
1761 165 1915 234 [xlx.
1948 177 2012 231 53

278 310 485 370 Habito,
527 310 773 358 fatebatur
814 309 974 357 nullas
1015 307 1182 368 fuisse,
1227 308 1316 356 sed
1359 306 1714 370 Oppianicum,
1752 306 1892 357 cuius
1929 307 2015 359 ille

276 396 500 446 minister
524 396 708 456 fuisset,
731 396 848 445 huic
873 394 1269 445 inimicissimum
1294 396 1446 444 fuisse
1470 403 1619 458 atque
1657 411 1764 444 esse
1799 394 2011 446 dicebat.

277 486 363 536 Sin
387 496 552 536 autem
578 485 704 535 illud
728 502 943 549 egeram,
965 487 1159 534 nullum
1185 486 1250 534 ad
1269 485 1630 534 Scamandrum
1657 492 1817 533 morte
1838 483 2015 533 Habiti

276 585 537 625 venturum
577 576 972 624 emolumentum
1013 574 1177 635 fuisse,
1221 574 1548 634 concedebat,
1587 574 1677 622 sed
1709 574 1775 623 ad
1809 588 2014 622 uxorem

224 679 250 728 5
278 664 559 729 Oppianici,
610 664 827 715 hominis
875 666 927 712 in
969 664 1203 713 uxoribus
1254 663 1494 713 necandis
1538 662 1808 723 exercitati,
1847 663 2018 712 omnia

278 756 410 803 bona
459 754 637 804 Habiti
681 763 889 803 ventura
929 753 1341 815 fuisse-dicebat.
1416 755 1547 803 Cum
1589 751 1672 801 illa
1720 751 2015 802 defensione
2077 811 2080 815 ,

276 861 393 893 usus
419 861 593 905 essem,
624 860 750 906 quae
776 843 827 890 in
852 842 1197 892 libertinorum
1233 841 1396 891 causis
1433 841 1785 891 honestissima
1819 858 2017 906 semper

277 933 554 983 existimata
578 941 665 992 est,
688 932 1049 981 Scamandrum
1075 941 1289 1004 patrono
1315 948 1431 1003 esse
1448 931 1729 1003 probatum,
1751 932 2013 992 fatebatur,

277 1025 366 1072 sed
408 1022 679 1085 quaerebat
717 1020 797 1069 cui
835 1002 1246 1084 probatuse'sset
1290 1019 1396 1084 ipse
1437 1029 1691 1084 patronus.
1764 1029 1846 1086 53.
1885 1021 2016 1070 Cum

194 1126 254 1158 10
278 1130 369 1177 ego
394 1111 615 1175 pluribus
640 1109 803 1159 verbis
836 1110 886 1158 in
924 1127 985 1160 eo
1022 1119 1361 1160 commoratus
1395 1127 1570 1171 essem,
1606 1110 1912 1160 Scamandro
1949 1110 2018 1157 in-

276 1202 425 1251 sidias
450 1202 606 1249 factas
632 1216 740 1249 esse
765 1215 853 1262 per
880 1199 1163 1263 Diogenem
1190 1199 1619 1272 constitutumque
1645 1197 1775 1249 inter
1798 1215 1887 1249 eos
1923 1198 2018 1255 alia

277 1293 339 1340 de
387 1306 440 1339 re
488 1289 651 1348 fuisse,
702 1297 757 1337 ut
806 1288 1248 1350 medicamentum,
1300 1305 1404 1338 non
1452 1305 1702 1338 venenum
1763 1287 2019 1352 Diogenes
2080 1343 2084 1345 ,

276 1382 501 1439 adferret,
530 1380 627 1427 hoc
663 1378 819 1427 cuivis
856 1395 949 1428 usu
986 1380 1154 1428 venire
1189 1396 1351 1442 posse,
1390 1380 1662 1443 quaerebat
1698 1395 1787 1427 cur
1826 1379 1886 1434 in,
1915 1377 2020 1428 eius
2089 1365 2093 1368 >

277 1469 417 1519 modi
463 1471 646 1528 locum,
686 1477 787 1516 tam
836 1467 1078 1529 abditum,
1130 1484 1218 1516 cur
1265 1469 1412 1529 solus,
1464 1485 1551 1517 cur
1597 1484 1710 1517 cum
1759 1467 2022 1532 obsignata

195 1569 250 1618 15
277 1557 490 1623 pecunia
513 1556 744 1606 venisset.
821 1556 1055 1620 Denique
1080 1558 1179 1607 hoc
1203 1559 1319 1607 loco
1343 1574 1497 1606 causa
1532 1557 1743 1607 testibus
1780 1555 2022 1606 honestis-

278 1648 413 1698 simis
450 1646 739 1696 hominibus
778 1649 1109 1711 premebatur.
1187 1651 1258 1705 M,
1303 1647 1520 1697 Baebius
1567 1649 1632 1698 de
1681 1663 1771 1697 suo
1807 1645 2020 1696 consilio

280 1738 560 1802 Diogenem
609 1745 850 1800 emptum,
890 1754 942 1786 se
977 1746 1240 1800 praesente
1276 1738 1637 1787 Scamandrum
1674 1753 1789 1785 cum
1825 1752 2022 1786 veneno

279 1825 592 1890 pecuniaque
618 1827 985 1889 deprehensum
1010 1842 1118 1876 esse
1155 1827 1368 1876 dicebat.
1466 1829 1518 1876 P.
1547 1825 1821 1889 Quintilius
1844 1827 2019 1887 VaruS‚
2092 1838 2106 1861 ¹

279 1917 434 1964 homo
483 1930 680 1963 summa
715 1914 952 1979 religione
989 1925 1039 1965 et
1087 1933 1283 1965 summa
1318 1915 1611 1966 auctoritate
1649 1913 1919 1979 praedituS,
1957 1915 2022 1964 de
2087 1914 2091 1916 ’

194 2017 255 2048 20
279 2004 487 2066 insidiis,
540 2021 668 2068 quae
712 2006 887 2054 fierent
936 2006 1146 2067 Habito,
1187 2016 1236 2055 et
1278 2007 1342 2055 de
1386 2004 1738 2055 sollicitatione
1781 2002 2024 2069 Diogenis
2087 2006 2106 2079 ᾗ

279 2095 467 2146 recenti
524 2113 576 2146 re
625 2111 796 2145 secum
846 2096 1221 2159 Cleophantum
1281 2097 1587 2146 collocutum
1637 2111 1746 2146 esse
1804 2093 2020 2145 dicebat.
2078 2129 2105 2147 2

279 2194 362 2251 54.
406 2189 573 2248 Atque
609 2184 659 2233 in
702 2184 788 2234 illo
821 2183 1008 2234 iudicio
1046 2202 1162 2234 cum
1210 2186 1571 2235 Scamandrum
1618 2201 1711 2235 nos
1753 2184 2023 2234 defendere

279 2276 570 2336 videremur,
597 2274 751 2323 verbo
789 2273 871 2323 ille
909 2290 1020 2323 reus
1061 2284 1179 2335 erat,
1220 2291 1273 2325 re
1311 2276 1518 2339 quidem
1558 2291 1676 2325 vera
1717 2282 1767 2324 et
1801 2272 2023 2338 periculo
2073 2319 2084 2343 z.

280 2374 384 2414 tota
408 2363 725 2413 accusatione
752 2362 1077 2427 Oppianicus
1154 2367 1335 2428 Neque
1366 2364 1419 2414 id
1456 2366 1667 2414 obscure
1700 2365 1893 2414 ferebat
1926 2379 2023 2413 nec
2066 2355 2087 2419 ἶ

196 2460 254 2509 25
281 2453 591 2503 dissimulare
626 2454 728 2502 ullo
772 2453 926 2503 modo
969 2462 1197 2517 poterat:
1235 2455 1407 2503 aderat
1443 2456 1690 2518 frequenS‚
1726 2453 2020 2514 advocabat,
2064 2458 2075 2507 ἶῗ

281 2543 418 2592 omni
443 2543 612 2593 studio
636 2542 892 2607 gratiaque
917 2543 1175 2606 pugnabat
1197 2562 1206 2592 :
1244 2551 1517 2606 postremo,
1544 2541 1598 2592 id
1623 2542 1761 2606 quod
1797 2541 2020 2592 maximo

282 2635 414 2682 malo
440 2633 510 2681 illi
530 2649 712 2682 causae
738 2634 843 2691 fuit,
871 2634 968 2682 hoc
1003 2632 1114 2697 ipso
1150 2633 1202 2680 in
1238 2635 1367 2693 loco,
1406 2631 1549 2696 quasi
1586 2648 1698 2683 reus
1732 2631 1841 2697 ipse
1877 2639 2021 2693 esset,
2076 2622 2099 2677 ,ἶ-

282 2723 502 2771 sedebat.
577 2721 727 2773 Oculi
765 2721 990 2772 omnium
1027 2720 1251 2771 iudicum
1300 2738 1404 2772 non
1440 2722 1491 2771 in
1528 2722 1906 2783 Scamandrum,
1933 2719 2024 2771 sed

281 2810 331 2859 in
379 2810 719 2875 Oppianicum
757 2810 1169 2860 coniciebantur:
1219 2809 1368 2861 timor
1404 2812 1523 2872 eius,
1563 2809 1884 2875 perturbatio,
1921 2826 2023 2860 sus·

193 2910 256 2956 30
282 2916 466 2962 pensus
494 2899 810 2963 incertusque
835 2902 1012 2961 voltus,
1041 2901 1213 2950 crebra
1243 2901 1426 2950 coloris
1462 2902 1690 2963 mutatio,
1717 2917 1847 2966 quae
1882 2908 2024 2951 erant

281 2999 427 3038 antea
451 2988 738 3053 suspiciosa,
766 2991 891 3040 haec
915 2998 1086 3054 aperta
1110 2999 1160 3040 et
1187 2989 1451 3040 manifesta
1475 2991 1742 3041 faciebant.

361 3080 477 3127 XX.
526 3086 608 3143 55.
659 3080 789 3129 Cum
840 3081 888 3127 in
937 3081 1203 3129 consilium
1251 3079 1306 3128 iri
1355 3090 1620 3143 oporteret,
1671 3079 1912 3144 quaesivit

280 3183 365 3216 reo
391 3169 448 3217 C.
480 3168 654 3216 Iunius
680 3166 933 3231 quaesitor
970 3185 1030 3217 ex
1067 3169 1176 3233 lege
1212 3168 1295 3218 illa
1323 3169 1572 3230 Cornelia,
1601 3184 1731 3233 quae
1755 3177 1862 3218 tum
1900 3174 2051 3229 θηξμ.
