2106 3386
288 194 347 231 12
598 181 752 234 PRo
793 181 863 233 A.
905 147 1323 235 CLUENTIO
1366 181 1691 235 ORATIO.
1814 182 1920 250 [XI.
1953 197 2013 248 31

347 322 440 369 XI.
491 333 575 385 31.
627 323 809 384 Neque
850 331 924 370 est
960 323 1058 371 hoc
1106 323 1254 371 satis:
1311 323 1508 371 tametsi
1557 323 1606 370 in
1646 323 1754 386 ipso
1802 324 2020 372 fraterno

278 409 540 471 parricidio
572 411 767 458 nullum
805 412 965 460 scelus
1001 411 1399 473 praetermissum
1426 411 1631 471 videtur,
1661 419 1842 471 tamen,
1870 418 1925 459 ut
1958 412 2023 460 ad

279 498 376 546 hoc
412 499 656 546 nefarium
694 499 886 548 facinus
929 499 1203 560 accederet,
1248 499 1438 548 aditum
1474 498 1566 547 sibi
1609 500 1715 548 aliis
1754 498 2022 548 sceleribus
2083 481 2091 487 ’

278 595 394 635 ante
432 588 655 636 munivit.
746 589 879 637 Nam
927 605 1042 637 curn
1087 598 1216 638 esset
1254 590 1456 651 gravida
1493 590 1659 649 Auria,
1694 590 1852 637 fratris
1886 605 2023 649 uxor,

228 692 253 741 5
278 684 327 724 et
375 677 474 724 iam
523 678 924 740 appropinquare
971 687 1139 741 partus
1187 686 1458 741 putaretur,
1510 679 1766 727 mulierem
1825 694 2022 727 veneno
2097 717 2101 722 .

278 765 537 828 interfecit,
588 775 642 814 ut
689 783 789 815 una
837 767 972 827 illud,
1024 768 1161 830 quod
1211 776 1315 816 erat
1374 784 1434 816 ex
1493 769 1640 816 fratre
1696 776 2015 830 conceptum,

277 864 547 904 necaretur.
621 858 741 904 Post
766 856 964 905 fratrem
990 858 1250 920 adgressus
1275 866 1349 905 est
1373 877 1381 905 ε
1421 858 1504 919 qui
1526 873 1634 906 sero
1655 858 1753 905 iarn
1780 857 2021 906 exhausto

276 942 362 992 illo
410 945 593 1006 poculo
642 946 813 993 mortis
869 962 984 994 cum
1039 954 1087 994 et
1135 946 1198 994 de
1248 963 1340 995 suo
1389 955 1437 995 et
1485 947 1548 995 de
1602 947 1767 994 uxoris
1823 946 2021 994 interitu

275 1034 509 1082 clamaret
552 1041 1009 1098 testamentumque
1050 1043 1240 1084 mutare
1274 1044 1494 1098 cuperet,
1538 1035 1590 1083 in
1626 1034 1734 1098 ipsa
1781 1033 2021 1098 significa-

197 1141 255 1171 10
275 1123 412 1171 tione
457 1122 599 1171 huius
633 1123 902 1173 voluntatis
939 1133 1012 1172 est
1048 1132 1287 1173 mortuus.
1362 1126 1442 1172 Ita
1477 1125 1748 1185 mulierem,
1781 1139 1846 1173 ne
1878 1131 2022 1187 partu

275 1212 381 1259 eius
442 1212 506 1260 ab
556 1213 832 1262 hereditate
891 1213 1106 1261 fraterna
1164 1214 1522 1273 excluderetur,
1579 1214 1805 1263 necavit:
1862 1213 2022 1262 fratris

274 1310 442 1350 autem
479 1301 662 1350 liberos
710 1303 844 1365 prius
886 1303 986 1351 vita
1032 1301 1239 1365 privavit
1289 1319 1441 1365 quam
1490 1304 1558 1350 illi
1601 1304 1730 1350 hanc
1772 1319 1802 1351 a
1850 1311 2024 1351 natura

275 1393 438 1440 lucem
477 1393 702 1454 accipere
744 1401 1047 1455 potuerunt:
1095 1401 1149 1440 ut
1193 1409 1367 1442 omnes
1416 1393 1760 1456 intellegerent
1808 1391 1930 1440 nihil
1979 1393 2023 1440 ei

275 1478 534 1546 [clausum,
575 1479 718 1547 nihil]
758 1491 985 1531 sanctum
1024 1499 1132 1531 esse
1173 1500 1333 1545 posse,
1374 1501 1403 1531 a
1438 1485 1577 1531 cuius
1618 1483 1831 1532 audacia
1865 1482 2021 1531 fratris

193 1586 249 1635 15
275 1571 457 1620 liberos
501 1588 563 1620 ne
607 1571 821 1620 materni
864 1572 1069 1635 quidem
1111 1571 1331 1635 corporis
1373 1572 1633 1621 custodiae
1675 1581 1841 1635 tegere
1882 1579 2023 1634 potu—

274 1661 440 1710 issent.
537 1672 622 1726 32.
670 1663 916 1711 Memoria
958 1670 1108 1710 teneo
1150 1663 1402 1710 Milesiam
1445 1663 1699 1725 quandam
1743 1660 2018 1721 mulierem,

275 1767 390 1799 cum
434 1767 595 1801 essem
644 1753 694 1800 in
737 1751 871 1811 Asia,
917 1753 1055 1815 quod
1096 1753 1159 1800 ab
1197 1751 1465 1800 heredibus
1504 1747 1778 1817 [secundis]
1818 1759 2024 1814 accepta

274 1842 488 1903 pecunia
511 1849 709 1903 partum
737 1842 830 1889 sibi
856 1842 964 1903 ipsa
997 1841 1375 1890 medicamentis
1412 1841 1675 1904 abegisset,
1703 1841 1772 1890 rei
1797 1841 2021 1904 capitalis

275 1946 382 1979 esse
416 1931 736 1979 damnatam:
775 1946 868 1978 nec
904 1931 1097 1989 iniuria,
1125 1946 1252 1992 quae
1284 1946 1423 1992 spem
1460 1930 1691 1993 parentis,
1729 1931 2020 1980 memoriam
2096 1997 2099 1999 μ

188 2036 249 2067 20
275 2021 507 2079 nominis,
559 2020 838 2068 subsidium
880 2021 1086 2082 generis,
1139 2020 1377 2068 heredem
1426 2019 1656 2079 familiae,
1706 2020 2020 2083 designatum

274 2111 341 2158 rei
390 2110 620 2173 publicae
668 2111 829 2158 civem
873 2111 1162 2158 sustulisset.
1254 2111 1457 2172 Quanto
1502 2118 1575 2158 est
1618 2110 1926 2172 Oppianicus
1968 2112 2019 2159 in

274 2200 450 2250 eadem
493 2200 668 2248 iniuria
707 2199 893 2249 maiore
931 2199 1174 2263 supplicio
1208 2199 1417 2263 dignus!
1455 2201 1494 2247 si
1531 2198 1736 2262 quidem
1772 2200 1868 2259 illa,
1902 2216 2018 2249 curn

274 2306 364 2339 suo
390 2291 585 2353 corpori
624 2288 723 2339 vim
757 2289 1015 2349 attulisset,
1054 2305 1106 2337 se
1140 2290 1245 2352 ipsa
1271 2290 1518 2349 cruciavit,
1561 2287 1644 2336 hic
1683 2297 1854 2338 autem
1879 2290 2015 2339 idern

272 2379 395 2428 illud
445 2381 606 2429 effecit
653 2396 741 2443 per
788 2380 935 2428 alieni
984 2378 1206 2442 corporis
1254 2387 1464 2428 mortem
1523 2386 1672 2441 atque
1730 2380 2014 2428 cruciatum.
2068 2377 2106 2405 '³³

186 2480 245 2530 25
274 2471 439 2520 Ceteri
479 2486 581 2520 non
631 2468 861 2519 videntur
900 2471 950 2518 in
993 2468 1197 2532 singulis
1240 2467 1527 2517 horninibus
1564 2469 1718 2517 multa
1755 2469 2018 2532 parricidia

273 2560 520 2622 suscipere
556 2575 716 2622 posse,
753 2557 1061 2622 Oppianicus
1094 2559 1325 2607 inventus
1363 2558 1547 2620 estqui
1584 2558 1634 2605 in
1673 2574 1775 2607 uno
1810 2574 2018 2622 corpore

270 2651 433 2712 plures
459 2658 669 2698 necaret.

339 2741 459 2787 XII.
493 2750 575 2803 33.
623 2741 814 2806 Itaque,
865 2755 980 2788 curn
1030 2739 1159 2787 hanc
1207 2740 1312 2788 eius
1361 2739 1777 2788 consuetudinem
1819 2739 2017 2789 audaci-

270 2844 451 2891 amque
484 2838 748 2891 cognosset
784 2829 1054 2876 avunculus
1091 2827 1221 2876 illius
1252 2828 1584 2876 adulescentis
1611 2828 1890 2892 Oppianici,
1919 2828 2011 2878 Cn.

183 2930 245 2976 30
273 2919 482 2981 MagiUS‚
539 2919 693 2981 isque,
745 2934 859 2966 cum
906 2919 1038 2982 gravi
1081 2918 1257 2967 morbo
1307 2918 1532 2966 adfectus
1580 2926 1723 2978 esset,
1775 2918 2013 2967 heredem
2089 2896 2106 2956 32

270 3008 407 3055 illum
441 3007 621 3056 sororis
655 3024 774 3056 suae
810 3009 964 3055 filium
1002 3009 1195 3067 faceret,
1240 3007 1478 3065 adhibitis,
1518 3006 1704 3068 amicis,
1751 3015 2011 3071 praesente
2097 3069 2100 3074 ἴ

270 3107 426 3148 matre
463 3114 564 3157 sua,
607 3096 815 3160 Dinaea,
850 3114 1056 3147 uxorem
1082 3114 1221 3147 suam
1256 3098 1587 3161 interrogavit,
1615 3106 1810 3147 essetne
1847 3113 2014 3161 praeg-

269 3203 406 3238 nans.
505 3188 647 3249 Quae
695 3203 810 3235 cum
859 3204 911 3237 se
960 3204 1068 3237 esse
1115 3186 1464 3251 respondisset,
1509 3188 1572 3236 ab
1621 3203 1681 3236 ea
1727 3187 1912 3251 petivit,
1957 3194 2013 3235 ut
2069 3208 2100 3262 ss'
