2106 3386
119 134 395 202 xx11.62]
446 133 599 186 PRO
638 134 710 186 A.
753 133 1170 186 CLUENTIO
1212 134 1538 187 ORATIO.
1787 150 1851 202 23

116 284 190 324 est
215 276 351 340 apud
377 291 480 333 θος,
509 274 592 336 qui
617 275 978 323 Scamandrum
1015 273 1295 322 ministrum
1322 273 1606 337 Oppianici,
1635 277 1694 325 C.
1733 276 1856 324 Fab-

113 364 289 413 ricium
332 363 592 412 conscium
632 363 863 420 maleficii
899 362 1305 412 condemnarant.
1395 361 1479 416 60.
1521 365 1720 424 Utrum,
1766 381 1854 427 per

114 455 237 503 deos
261 454 567 502 immortales
592 457 600 501 1
639 454 795 515 magis
822 461 894 500 est
933 452 1229 511 mirandum,
1259 453 1393 514 quod
1423 454 1462 501 is
1488 454 1854 501 condemnatus

113 552 202 603 est,
248 559 311 591 an
349 542 487 604 quod
522 540 728 590 omnino
758 542 1060 603 respondere
1094 557 1244 589 ausus
1281 544 1391 590 est?
1463 541 1599 604 Quid
1626 543 1760 598 enim
1786 541 1855 589 illi

112 630 302 680 iudices
340 631 501 680 facere
538 632 845 693 potuerunt?
899 629 983 693 qui
1027 629 1066 678 si
1109 629 1405 679 innocentes
1446 613 1702 696 Fabricios
1742 646 1857 679 con-

112 721 447 780 demnassent,
475 728 642 771 tamen
669 720 719 767 in
745 718 1030 782 Oppianico
1068 719 1163 768 sibi
1188 727 1418 767 constare
1444 728 1493 768 et
1517 718 1856 782 superioribus

111 808 392 859 consentire
429 808 633 869 iudiciis
656 796 957 877 ,debuerunt
1050 811 1130 856 An
1167 825 1285 857 vero
1323 808 1393 856 1111
1434 825 1525 856 sua
1561 825 1648 871 per
1683 825 1736 857 se
1762 808 1855 872 ipsi

110 898 296 948 iudicia
330 897 683 970 rescinderent,
723 913 840 945 cum
878 897 1030 965 ceteri
1065 898 1260 957 soleant
1297 897 1347 944 in
1385 896 1656 946 iudicando
1692 914 1755 946 ne
1792 899 1855 947 ab

110 989 317 1038 aliorum
370 988 564 1037 iudiciis
615 987 899 1050 discrepent
960 987 1259 1050 providere?
1310 996 1358 1035 et
1409 987 1470 1046 ei,
1521 987 1609 1050 qui
1661 987 1855 1036 Fabrici

111 1078 357 1137 libertum,
399 1076 516 1140 quia
551 1076 775 1126 minister
812 1076 862 1124 in
898 1076 1145 1125 maleficio
1194 1078 1368 1136 fuerat,
1419 1085 1698 1140 patronum,
1740 1077 1856 1139 quia

112 1167 355 1235 conscius,
384 1167 821 1226 condemnassent,
850 1165 1013 1229 ipsum
1047 1165 1322 1228 principem
1349 1175 1500 1228 atque
1525 1165 1853 1215 architectum

113 1257 308 1305 sceleris
351 1236 700 1324 absolverent?
748 1264 796 1304 et
836 1254 920 1317 qui
958 1263 1151 1303 ceteros
1195 1256 1333 1303 nullo
1373 1254 1679 1317 praeiudicio
1723 1256 1854 1304 facto

112 1354 278 1394 tamen
319 1361 379 1394 ex
418 1344 525 1407 ipsa
574 1360 724 1392 causa
774 1344 1213 1404 condemnassent,
1256 1345 1403 1403 hunc,
1450 1360 1599 1407 quem
1640 1344 1715 1392 bis
1754 1346 1854 1393 iam

111 1436 500 1484 condemnatum
551 1444 864 1506 acceperant,
914 1433 1218 1483 liberarent?
1304 1432 1388 1486 61.
1442 1436 1573 1482 Tum
1615 1450 1733 1484 vero
1771 1434 1855 1484 illa

111 1525 295 1574 iudicia
337 1525 583 1574 senatoria
623 1541 724 1573 non
767 1525 890 1572 falsa
939 1523 1137 1584 invidia,
1181 1525 1271 1573 sed
1314 1540 1430 1573 vera
1477 1533 1627 1588 atque
1674 1524 1854 1588 insigni

113 1614 419 1677 turpitudine
445 1622 618 1662 notata
643 1622 794 1676 atque
821 1622 994 1690 operta
1011 1611 1260 1662 dedecore
1272 1601 1556 1661 *et'infamia
1574 1612 1854 1662 defensioni

113 1704 279 1752 locum
318 1704 524 1752 nullum⁴
547 1701 874 1765 reliquissent.
946 1702 1088 1765 ,Quid
1132 1703 1265 1750 enim
1307 1702 1511 1771 tandem
1554 1701 1624 1750 illi
1665 1701 1854 1752 iudices

112 1792 485 1855 responderent,
514 1793 554 1840 si
579 1791 664 1854 qui
690 1792 753 1839 ab
779 1791 849 1840 eis
877 1800 1134 1853 quaereret
1155 1811 1163 1839 :
1195 1791 1596 1853 ‘condemnastis
1622 1792 1855 1840 Scaman-

114 1883 286 1931 drum:
331 1898 432 1944 quo
475 1880 680 1929 crimine
697 1883 735 1929 ?'
783 1885 1009 1944 ‘nempe,
1055 1882 1191 1943 quod
1238 1881 1484 1929 Habitum
1529 1897 1616 1944 per
1657 1897 1853 1930 servum

114 1971 296 2021 medici
344 1987 539 2020 veneno
587 1987 767 2020 necare
805 1970 1073 2019 voluisset.'
1126 1970 1274 2033 ‘quid
1321 1970 1499 2018 Habiti
1536 1980 1695 2020 morte
1743 1973 1855 2021 Sca-

115 2062 320 2110 mander
362 2058 831 2123 consequebatur?'
872 2042 1037 2120 mihil,
1081 2062 1171 2108 sed
1220 2060 1512 2108 administer
1555 2069 1658 2109 erat
1701 2061 1855 2124 Oppi-

113 2150 274 2200 anici.'
347 2154 427 2199 ‘et
477 2149 849 2198 condemnastis
887 2151 943 2199 C.
998 2149 1314 2198 Fabricium:
1353 2149 1476 2212 quid
1514 2148 1644 2198 ita?'
1690 2150 1851 2212 ‘quia,

114 2255 228 2288 cum
265 2241 370 2302 ipse
407 2237 788 2287 familiarissime
815 2238 1101 2302 Oppianico
1137 2255 1270 2300 usus,
1309 2238 1512 2287 libertus
1549 2248 1717 2288 autem
1748 2238 1854 2288 eius

114 2327 164 2375 in
206 2330 452 2378 maleficio
488 2328 827 2391 deprehensus
861 2338 1003 2388 esset,
1045 2328 1183 2376 illum
1227 2338 1479 2390 expertem
1515 2327 1620 2377 eius
1663 2329 1855 2377 consilii

114 2416 266 2467 fuisse
307 2434 410 2467 non
447 2419 781 2481 probabatur?
890 2417 940 2467 Si
990 2417 1136 2480 igitur
1177 2417 1339 2480 ipsum
1395 2417 1731 2480 Oppianicum
1781 2418 1855 2467 bis

116 2507 216 2554 suis
263 2506 459 2555 iudiciis
507 2509 900 2556 condemnatum
949 2506 1292 2568 absolvissent,
1351 2506 1460 2569 quis
1519 2515 1710 2555 tantam
1763 2516 1859 2556 tur-

115 2594 394 2658 pitudinem
447 2595 761 2654 iudiciorum,
822 2595 933 2658 quis
992 2604 1183 2643 tantam
1244 2594 1633 2644 inconstantiam
1693 2612 1855 2644 rerum

117 2683 459 2744 iudicatarum,
487 2687 596 2747 quis
622 2693 811 2735 tantam
840 2684 1097 2733 libidinem
1125 2684 1349 2733 iudicum
1378 2684 1502 2732 ferre
1527 2684 1812 2746 potuisset?

183 2771 266 2826 62.
307 2775 461 2836 Quod
509 2773 548 2822 si
596 2776 695 2823 hoc
742 2773 936 2832 videtis,
987 2774 1126 2836 quod
1166 2772 1264 2820 iam
1309 2774 1403 2820 hac
1451 2773 1589 2820 omni
1633 2773 1858 2822 oratione

75 2894 78 2897 -
117 2863 420 2924 patefactum
458 2871 546 2927 est,
584 2863 669 2911 illo
706 2862 891 2911 iudicio
916 2879 1054 2910 reum
1092 2861 1433 2921 condemnari,
1472 2862 1756 2924 praesertim
1795 2864 1857 2911 ab

119 2950 277 2999 isdem
303 2951 565 3011 iudicibus,
592 2950 677 3013 qui
713 2952 816 3000 duo
853 2950 1158 3014 praeiudicia
1184 2950 1431 3010 fecissent,
1460 2967 1666 3000 necesse
1691 2952 1856 3009 fuisse,

121 3038 265 3088 simul
312 3039 435 3088 illud
485 3039 692 3089 videatis
751 3057 955 3090 necesse
1013 3050 1101 3099 est,
1153 3040 1341 3088 nullam
1401 3043 1702 3089 accusatoris
1751 3057 1858 3089 esse

123 3143 322 3176 causam
347 3128 566 3190 potuisse
592 3145 679 3177 cur
703 3130 940 3177 iudicium
967 3130 1113 3177 vellet
1139 3146 1466 3191 corrumpere.

1885 1088 1944 1118 10

1881 1989 1942 2020 20

1882 2873 1947 2918 30
