2106 3386
250 144 316 195 30
491 129 645 183 PRO
685 130 754 182 A.
799 129 1216 184 CLUENTIO
1258 130 1582 184 ORATIO.
1652 130 1988 199 [XXV111.78

246 269 438 319 invidia
474 270 723 320 senatoria
770 280 940 334 posset
975 287 1213 330 crescere,
1252 272 1391 334 quod
1427 270 1534 320 eius
1571 271 1759 320 ordinis
1806 271 1992 321 iudicia

247 359 412 408 minus
439 361 537 407 iam
556 361 754 422 probari
792 361 980 423 populo
1017 360 1358 409 arbitrabatur.
1436 360 1671 409 Habetur
1706 377 1807 409 una
1843 369 1992 424 atque

247 449 400 496 altera
448 447 620 498 contio
656 450 927 497 vehemens
978 458 1026 497 et
1068 450 1261 513 gravis:
1321 447 1575 512 accepisse
1624 448 1890 511 pecuniam
1927 449 1987 497 iu-

249 537 400 596 dices,
456 546 510 585 ut
559 536 879 586 innocentem
930 555 1069 587 reum
1121 539 1530 597 condemnarent,
1571 537 1798 588 tribunus
1835 538 1995 602 plebis

199 643 224 691 5
249 627 526 674 clamabat:
564 625 644 689 agi
669 628 893 675 fortunas
925 627 1150 676 omnium
1188 626 1418 676 dicebat:
1457 628 1590 675 nulla
1627 644 1736 676 esse
1772 626 1996 677 iudicia:

251 714 335 777 qui
362 714 688 777 pecuniosum
716 714 973 764 inimicum
1000 717 1222 777 haberet,
1250 715 1556 765 incolumem
1596 732 1703 765 esse
1739 715 1996 766 neminem

251 820 415 866 posse.
491 803 743 853 Homines
769 803 920 853 totius
947 804 1103 867 ignari
1140 804 1343 868 negotii,
1372 804 1457 868 qui
1477 804 1820 869 ‚Oppianicum
1859 821 1998 854 num-

252 909 403 955 quam
429 891 686 953 vidissent,
716 892 875 941 virum
913 893 1162 957 optimum
1200 903 1249 943 et
1285 893 1541 943 hominem
1579 893 1996 958 pudentissimum

253 981 467 1044 pecunia
515 998 809 1045 oppressum
871 999 979 1031 esse
1040 985 1407 1043 arbitrarentur,
1464 983 1656 1033 incensi
1715 982 1999 1047 suspicione

171 1091 229 1121 10
252 1087 355 1119 rem
382 1072 431 1118 in
458 1071 679 1119 medium
716 1087 896 1120 vocare
933 1081 1206 1135 coeperunt
1234 1081 1281 1121 et
1317 1089 1518 1120 causam
1556 1072 1690 1120 illam
1727 1081 1882 1121 totam
1907 1073 2001 1122 de—

253 1176 472 1223 poscere.
580 1159 659 1224 78.
701 1163 869 1224 Atque
919 1160 1005 1209 illo
1055 1161 1165 1224 ipso
1208 1171 1434 1225 tempore
1471 1161 1521 1209 in
1558 1163 1710 1211 aedes
1746 1164 1806 1210 T.
1847 1161 1998 1222 Anni,

255 1249 472 1298 hominis
499 1249 855 1310 honestissimi,
886 1251 1152 1300 necessarii
1179 1261 1228 1301 et
1254 1251 1401 1300 amici
1439 1253 1552 1312 mei,
1579 1261 1735 1302 noctu
1773 1252 2002 1325 S'aienus

255 1339 517 1388 arcessitus
543 1341 606 1388 ab
647 1339 930 1404 Oppianico
967 1343 1115 1390 venit.
1194 1344 1299 1390 Iam
1340 1351 1505 1391 cetera
1540 1351 1661 1392 nota
1697 1352 1813 1392 sunt
1849 1344 2004 1392 omni-

256 1431 349 1478 bus
371 1449 380 1479 :
405 1438 459 1478 ut
484 1446 600 1478 cum
627 1431 711 1478 illo
739 1429 1051 1493 Oppianicus
1078 1433 1232 1494 egerit
1270 1433 1333 1480 de
1372 1434 1604 1495 pecunia,
1630 1442 1685 1482 ut
1710 1433 1793 1482 ille
1819 1449 1871 1482 se
1897 1433 2004 1482 red—

174 1534 230 1582 15
258 1521 476 1569 diturum
502 1537 611 1570 esse
638 1519 831 1579 dixerit,
861 1530 915 1569 ut
942 1538 1055 1570 eum
1083 1538 1363 1571 sermonem
1401 1524 1647 1572 audierint
1684 1528 1888 1572 omnem
1914 1521 2004 1571 viri

257 1610 391 1669 boni,
420 1610 505 1673 qui
544 1619 647 1658 tum
687 1612 917 1660 consulto
955 1620 1159 1675 propter
1185 1612 1234 1660 in
1273 1613 1474 1661 occulto
1512 1612 1798 1662 stetissent:
1835 1622 1890 1662 ut
1925 1629 2006 1662 res

256 1701 504 1763 patefacta
530 1709 578 1748 et
597 1699 648 1747 in
674 1701 835 1748 forum
862 1702 1054 1763 prolata
1080 1710 1128 1750 et
1154 1701 1369 1764 pecunia
1395 1701 1557 1751 omnis
1583 1704 1788 1752 Staieno
1814 1711 2006 1752 extorta

255 1799 406 1853 atque
432 1799 602 1852 erepta
626 1791 702 1838 sit.

325 1881 516 1927 XXIX.
559 1879 726 1928 Huius
751 1878 936 1928 Staieni
962 1896 1174 1942 persona
1200 1881 1387 1943 populo
1423 1879 1520 1929 iam
1559 1889 1678 1929 nota
1714 1889 1863 1943 atque
1901 1896 2006 1943 per-

175 1983 234 2014 20
258 1977 428 2032 specta
452 1969 514 2017 ab
542 1969 679 2016 nulla
705 1967 837 2031 turpi
863 1969 1149 2032 suspicione
1175 1970 1476 2019 abhorrebat
1499 1989 1509 2019 ε
1549 1986 1864 2034 suppressam
1898 1985 2005 2019 esse

257 2059 321 2107 ab
361 2075 422 2107 eo
461 2058 738 2120 pecuniam,
782 2075 932 2121 quam
974 2075 1066 2121 pro
1112 2076 1196 2108 reo
1240 2058 1623 2122 pronuntiasset,
1664 2059 1750 2123 qui
1775 2068 1915 2108 erant
1957 2059 2006 2107 in

259 2147 510 2207 contione,
538 2164 638 2196 non
664 2147 1034 2210 intellegebant.
1110 2150 1293 2211 Neque
1321 2148 1453 2197 enim
1491 2148 1814 2197 docebantur.
1888 2151 2008 2197 Ver-

260 2246 416 2286 satam
477 2252 584 2285 esse
657 2236 708 2284 in
767 2235 955 2285 iudicio
1013 2236 1322 2296 mentionem
1380 2236 1626 2301 pecuniae
1706 2236 2003 2297 sentiebant,

261 2328 579 2375 innocentem
605 2342 745 2374 reum
772 2312 1166 2374 condemnatum
1193 2326 1467 2375 audiebant
1493 2345 1502 2375 :
1537 2325 1725 2376 Staieni
1761 2326 2008 2376 sententia

175 2426 234 2475 25
260 2417 654 2465 condemnatum
685 2413 972 2468 videbant:
1011 2431 1113 2464 non
1154 2414 1303 2479 gratis
1340 2415 1392 2465 id
1435 2417 1499 2464 ab
1544 2431 1606 2464 eo
1648 2416 1834 2464 factum
1879 2431 2001 2476 esse,

261 2506 401 2568 quod
449 2505 705 2553 hominem
752 2513 946 2564 norant,
996 2503 1300 2553 iudicabant.
1395 2503 1578 2554 Similis
1626 2503 1677 2552 in
1727 2505 1906 2568 Bulbo,
1955 2503 2007 2554 in

262 2597 429 2654 Gutta,
470 2593 522 2642 in
561 2593 668 2642 aliis
706 2609 811 2642 non
849 2592 995 2642 nullis
1035 2593 1253 2656 suspicio
1291 2595 1607 2644 consistebat.
1699 2578 1778 2660 79.
1827 2597 2007 2658 Itaque

262 2682 688 2732 confiteor-—licet
736 2681 868 2732 enim
918 2681 1017 2731 iam
1061 2681 1266 2744 impune
1314 2684 1412 2732 hoc
1460 2683 1748 2747 praesertim
1798 2683 1848 2732 in
1891 2685 2005 2733 loco

263 2771 572 2831 confiteri—,
600 2772 735 2834 quod
774 2770 1042 2834 Oppianici
1069 2787 1171 2821 non
1197 2773 1352 2821 modo
1377 2771 1491 2832 vita,
1519 2772 1608 2821 sed
1643 2772 1794 2821 etiam
1819 2788 2004 2822 nomen

179 2873 241 2920 30
264 2870 379 2910 ante
404 2861 528 2909 illud
554 2869 752 2924 tempus
776 2862 965 2924 populo
986 2860 1209 2924 ignotum
1229 2859 1413 2920 fuisset,
1436 2860 1836 2924 indignissimum
1857 2877 2004 2924 porro

264 2951 511 3000 videretur
536 2949 930 2998 circumventum
957 2966 1066 2999 esse
1085 2949 1406 2999 innocentem
1427 2949 1653 3013 pecunia,
1675 2950 1805 3000 hanc
1823 2949 2006 3000 dein'de

266 3039 600 3104 suspicionem
625 3047 826 3102 augeret
852 3038 1038 3088 Staieni
1064 3037 1355 3101 improbitas
1392 3047 1440 3088 et
1476 3055 1578 3088 non
1615 3040 1863 3089 nullorum
1898 3029 2018 3088 eius'

266 3129 496 3179 similium
517 3127 738 3178 iudicum
759 3127 1030 3192 turpitudO,
1053 3145 1254 3178 causam
1274 3137 1439 3178 autern
1461 3137 1626 3192 ageret
1647 3130 1699 3177 L.
1725 3125 2005 3191 QuinctiuS,
