2106 3386
223 161 294 214 70
444 146 598 200 PRO
641 147 708 197 A.
753 146 1169 200 CLUENTIO
1209 146 1534 200 ORATIO.
1676 146 1838 215 [LXV.
1875 149 1974 199 182

221 286 569 337 fidelissimum
596 303 699 336 non
724 286 776 335 in
796 285 1142 350 quaestionem
1161 287 1285 346 tulit,
1307 285 1397 335 sed
1422 287 1571 350 plane
1590 286 1656 335 ad
1676 286 1975 350 supplicium

222 375 429 426 dedidit.

290 467 445 513 LXV.
490 463 600 516 182.
642 466 763 513 Post
788 464 1055 512 triennium
1080 463 1225 527 igitur
1249 463 1435 527 agitata
1459 464 1628 513 denuo
1653 463 1884 527 quaestio
1910 465 1976 514 de

222 554 312 603 viri
337 563 498 604 morte
535 554 827 615 habebatur,
855 562 905 602 et
945 553 1009 602 de
1035 552 1216 615 quibus
1242 552 1393 601 servis
1420 553 1740 626 habebatur?
1811 554 1973 614 Nova,

171 659 197 708 5
223 645 392 704 credo,
442 660 519 692 res
567 642 779 702 obiecta,
831 642 948 692 novi
998 642 1205 706 quidam
1253 641 1484 691 homines
1533 642 1586 690 in
1633 642 1973 706 suspicionem

221 732 389 782 vocati
425 734 581 781 sunt?
618 733 698 780 De
734 734 967 781 Stratone
1005 740 1053 780 et
1079 732 1143 780 de
1181 730 1486 780 Nicostrato,
1561 731 1743 794 Quid?
1778 733 1975 782 Romae

223 821 504 884 quaesitum
553 821 617 869 de
665 819 770 869 istis
829 819 1121 869 hominibus
1169 836 1274 869 non
1322 823 1468 870 erat?
1528 822 1672 870 Itane
1730 822 1978 871 tandem?

222 909 400 959 mulier
424 909 525 957 iam
560 925 664 958 non
691 909 887 967 morbo,
915 909 1005 957 sed
1042 910 1228 957 scelere
1254 908 1452 968 furiosa,
1481 925 1597 957 cum
1625 907 1974 972 quaestionem

222 999 481 1048 habuisses
531 1000 742 1058 Romae,
787 1013 902 1046 cum
951 999 1016 1046 de
1063 1000 1121 1046 T.
1168 997 1318 1058 Anni,
1371 1000 1425 1047 L.
1474 997 1649 1057 Rutili,
1694 999 1746 1046 P.
1800 997 1976 1058 Saturi,

141 1103 200 1133 10
223 1098 500 1139 ceterorum
561 1086 1030 1136 honestissimorum
1078 1087 1296 1136 virorum
1346 1086 1596 1136 sententia
1643 1086 1976 1136 constitutum

223 1188 354 1229 esset
379 1178 497 1227 satis
522 1177 807 1241 quaesitum
833 1176 1004 1237 videri,
1033 1177 1212 1226 eadem
1238 1178 1303 1226 de
1328 1193 1380 1226 re
1405 1176 1620 1225 triennio
1655 1185 1786 1240 post,
1814 1175 1978 1226 isdem

223 1271 287 1319 de
326 1267 631 1327 hominibus,
677 1268 816 1316 nullo
859 1266 1088 1316 adhibito
1128 1283 1232 1316 non
1276 1266 1441 1315 dicam
1482 1265 1605 1326 viro,
1646 1281 1711 1315 ne
1736 1267 1976 1315 colonum

222 1361 349 1408 forte
375 1358 592 1407 adfuisse
618 1356 811 1416 dicatis,
841 1357 930 1406 sed
955 1358 1093 1406 bono
1118 1358 1239 1417 viro,
1261 1356 1313 1404 in
1340 1355 1427 1404 filii
1451 1365 1604 1419 caput
1628 1354 1979 1419 quaestionem

222 1450 408 1498 habere
435 1456 619 1496 conata
643 1463 696 1496 es
717 1449 738 1495 ?
811 1445 922 1511 183.
963 1449 1045 1494 An
1070 1447 1167 1495 hoc
1204 1445 1563 1494 dicitis—mihi
1588 1445 1723 1494 enim
1748 1443 1886 1493 venit
1928 1443 1979 1491 in

142 1548 200 1597 15
223 1546 447 1586 mentem
485 1534 609 1599 quid
635 1534 735 1584 dici
761 1534 934 1598 possit,
962 1534 1160 1584 tametsi
1184 1536 1247 1584 ab
1273 1536 1372 1584 hoc
1397 1550 1500 1583 non
1525 1550 1635 1583 esse
1661 1535 1761 1582 hoc
1786 1532 1979 1582 dictum

225 1633 722 1675 mementote—cum
772 1623 1038 1672 haberetur
1086 1622 1150 1671 de
1209 1603 1342 1671 furto
1402 1620 1644 1684 quaesti0,
1694 1622 1980 1670 Stratonem

225 1714 415 1777 aliquid
443 1715 507 1763 de
542 1728 741 1762 veneno
777 1728 888 1761 esse
923 1712 1250 1760 confessum?
1287 1713 1408 1760 Hoc
1433 1726 1536 1760 uno
1572 1710 1743 1770 mod0,
1772 1709 1979 1770 iudiceS,

227 1820 377 1867 saepe
425 1804 700 1851 multorum
758 1800 1082 1865 improbitate
1142 1801 1379 1863 depressa
1435 1798 1617 1848 veritas
1677 1799 1885 1863 emergit
1932 1808 1983 1848 et

227 1891 551 1941 innocentiae
590 1888 818 1939 defensio
865 1888 1136 1937 interclusa
1172 1888 1393 1952 respirat,
1423 1888 1561 1951 quod
1587 1897 1674 1936 aut
1698 1888 1758 1949 ei,
1793 1887 1880 1952 qui
1915 1889 1982 1938 ad

141 2006 202 2036 20
227 1982 454 2031 fraudem
480 1978 649 2028 callidi
674 1988 803 2038 sunt,
831 1994 935 2027 non
961 1987 1155 2027 tantum
1181 1979 1384 2039 audent,
1413 1986 1658 2040 quantum
1676 1978 1978 2040 excogitant,

227 2080 313 2120 aut
338 2070 397 2130 ei,
427 2085 637 2133 quorum
663 2067 848 2116 eminet
884 2065 1098 2116 audacia
1136 2076 1290 2130 atque
1327 2066 1552 2130 proiecta
1575 2075 1666 2126 est,
1692 2082 1723 2115 a
1759 2065 1997 2137 consiliis⁴

227 2160 445 2210 malitiae
471 2158 777 2228 deseruntur.
843 2156 997 2218 Quod
1017 2153 1058 2204 si
1082 2163 1169 2203 aut
1192 2155 1456 2219 confidens
1482 2154 1663 2204 astutia
1687 2162 1774 2203 aut
1798 2154 1982 2224 callida

226 2259 357 2299 esset
381 2247 607 2307 audacia,
635 2245 715 2295 vix
739 2246 841 2294 ullo
865 2244 936 2293 eis
963 2243 1138 2294 obsisti
1162 2244 1317 2293 modo
1342 2252 1524 2308 posset.
1589 2245 1772 2294 Utrum
1795 2244 1979 2292 furtum

227 2341 418 2386 factum
455 2352 558 2384 non
599 2337 712 2384 est?
748 2336 817 2382 At
857 2332 984 2381 nihil
1023 2331 1203 2381 clarius
1242 2331 1424 2380 Larini.
1498 2334 1579 2380 An
1604 2331 1668 2380 ad
1693 2334 1978 2381 Stratonem

143 2451 200 2500 25
230 2425 447 2490 suspicio
471 2441 574 2474 non
611 2421 892 2487 pertinuit?
928 2424 995 2470 At
1020 2420 1062 2469 is
1102 2431 1151 2470 et
1190 2437 1252 2470 ex
1289 2422 1476 2470 serrula
1515 2419 1829 2470 insimulatus
1865 2430 1915 2471 et
1950 2437 1980 2475 a

226 2531 382 2580 puero
408 2513 616 2563 conscio
642 2522 716 2561 est
741 2511 1007 2561 indicatus.
1078 2512 1160 2558 An
1200 2510 1251 2558 id
1276 2519 1446 2558 actum
1484 2526 1590 2558 non
1630 2519 1706 2559 est
1744 2509 1796 2558 in
1833 2525 1981 2574 quae-

228 2604 423 2654 rendo?
461 2605 606 2664 Quae
644 2600 734 2650 fuit
773 2600 920 2664 igitur
958 2598 1055 2647 alia
1094 2615 1244 2648 causa
1285 2598 1600 2669 quaerendi?
1635 2615 1712 2659 an,
1752 2598 1805 2670 id
1841 2599 1980 2663 quod

227 2692 369 2744 vobis
411 2692 685 2740 dicendum
727 2699 802 2739 est
843 2671 894 2739 et
937 2687 1073 2752 quod
1117 2697 1224 2736 tum
1267 2689 1431 2737 Sassia
1473 2687 1733 2749 dictitavit,
1771 2704 1889 2750 cum
1913 2689 1979 2737 de

227 2786 358 2832 furto
383 2790 713 2845 quaereretur,
741 2789 846 2828 tum
872 2780 1158 2829 Stratonem
1201 2777 1361 2827 isdem
1405 2777 1456 2825 in
1496 2777 1757 2827 tormentis
1793 2777 1978 2843 dixisse

138 2893 203 2940 30
227 2874 291 2923 de
315 2873 549 2923 veneno?
622 2869 730 2935 184.
774 2871 854 2917 En
890 2869 988 2917 hoc
1024 2867 1144 2915 illud
1183 2875 1271 2927 est,
1301 2867 1440 2930 quod
1475 2877 1592 2916 ante
1628 2866 1764 2916 dixi:
1801 2865 1979 2916 mulier

225 2962 450 3012 abundat
475 2958 699 3018 audacia,
726 2957 936 3007 consilio
962 2965 1012 3005 et
1048 2954 1240 3004 ratione
1277 2955 1518 3005 deficitur.
1592 2957 1726 3004 Nam
1763 2955 1976 3025 tabellae

228 3048 537 3115 quaestionis
561 3050 727 3111 plures
754 3046 1083 3109 proferuntur,
1111 3059 1241 3106 quae
1266 3043 1504 3093 recitatae
1529 3045 1774 3108 vobisque
1809 3042 1977 3094 editae

227 3149 354 3200 sunt,
396 3138 510 3187 illae
553 3136 704 3199 ipsae,
744 3150 869 3197 quas
907 3144 1013 3182 tum
1051 3131 1338 3197 obsignatas
1374 3147 1483 3181 esse
1517 3131 1670 3182 dixit:
1706 3132 1758 3181 in
1794 3130 1976 3196 quibus
