2106 3386
129 163 369 203 XXXVII.
408 150 530 217 104]
611 150 764 203 PRO
805 149 874 200 A.
918 148 1334 201 CLUENTIO
1377 148 1702 201 ORATIO.
1799 163 1867 215 39

125 290 446 341 damnatione
518 289 856 352 Oppianicum
931 287 1170 336 iudicium
1243 303 1562 350 corrumpere
1633 286 1864 347 voluisse,

126 378 462 443 Oppianicum
501 376 653 426 iudici
690 378 756 426 ad
781 375 1020 426 emendas
1058 374 1328 424 sententias
1367 375 1564 424 dedisse
1603 375 1866 438 pecuniam

125 466 401 516 iudicatum
440 475 545 515 est:
582 482 699 514 cum
741 465 811 514 ita
848 463 1174 512 constitutum
1214 462 1290 523 sit,
1318 472 1373 512 ut
1412 462 1463 510 in
1489 463 1572 511 illa
1596 463 1746 526 culpa
1781 471 1867 511 aut

126 555 388 605 Cluentius
425 554 487 604 sit
520 563 605 603 aut
631 553 956 618 Oppianicus,
1000 554 1201 603 Cluenti
1239 568 1474 620 numrnus
1513 553 1677 600 nullus
1716 551 1866 600 iudici

126 645 271 693 datus
297 645 399 692 ullo
424 643 633 707 vestigio
658 641 939 706 reperietur,
970 641 1238 706 Oppianici
1263 640 1477 705 pecunia
1494 649 1608 704 post
1627 640 1868 690 iudicium

124 735 309 782 factum
348 734 412 783 ab
454 732 619 782 iudice
657 734 822 782 ablata
861 742 966 782 est:
1003 741 1169 796 potest
1208 749 1316 781 esse
1359 731 1583 791 dubium,
1625 730 1744 794 quin
1786 729 1869 778 illa

126 822 379 872 damnatio
418 822 606 872 Staieni
645 838 745 871 non
786 823 942 872 modo
980 838 1083 871 non
1123 821 1186 870 sit
1223 830 1397 871 contra
1436 822 1739 880 Cluentium,
1779 820 1869 869 sed

127 911 342 961 maxime
367 920 589 960 nostram
615 928 818 961 causam
844 912 1292 974 defensionemque
1318 911 1615 959 confirmet?

195 1002 469 1049 XXXVII.
512 1013 623 1066 103.
666 1003 799 1064 Ergo
836 1000 1002 1070 adj-mc
1037 1001 1151 1048 Iuni
1175 998 1418 1048 iudicium
1443 998 1592 1048 video
1617 1014 1726 1047 esse
1763 998 1868 1047 eius

127 1089 279 1149 modi,
330 1098 384 1138 ut
431 1090 767 1139 incursionem
826 1088 994 1152 potius
1042 1088 1315 1148 seditionis,
1371 1087 1471 1136 vim
1520 1086 1868 1147 multitudinis,

127 1179 371 1243 impetum
420 1178 757 1239 tribunicium,
808 1195 959 1241 quam
1007 1177 1250 1226 iudicium
1288 1178 1646 1241 appellandum
1684 1185 1867 1240 putem.

129 1267 281 1330 Quod
318 1266 358 1316 si
399 1266 485 1330 qui
511 1266 635 1315 illud
674 1265 916 1315 iudicium
959 1267 1188 1329 appellet,
1231 1275 1399 1315 tamen
1439 1266 1537 1315 hoc
1575 1266 1873 1314 confiteatur

128 1371 331 1405 necesse
357 1365 445 1417 est,
472 1355 611 1404 nullo
636 1355 790 1404 modo
826 1354 963 1403 illam
990 1355 1212 1414 multam,
1256 1371 1385 1418 quae
1425 1356 1487 1404 ab
1529 1356 1676 1403 Iunio
1719 1356 1874 1418 petita

129 1444 203 1505 sit,
232 1460 346 1493 cum
373 1443 576 1495 Cluenti
601 1460 750 1493 causa
785 1459 935 1507 posse
959 1443 1208 1507 coniungi.
1273 1444 1408 1492 Illud
1434 1443 1580 1507 igitur
1606 1445 1872 1492 Iunianum

127 1549 214 1596 per
237 1533 339 1582 vim
362 1535 546 1582 factum
574 1542 661 1594 est,
690 1532 835 1582 Bulbi
862 1542 910 1582 et
936 1534 1099 1596 Popili
1119 1542 1168 1582 et
1187 1534 1373 1582 Guttae
1392 1542 1566 1582 contra
1586 1531 1872 1583 Cluentium

127 1637 230 1670 non
255 1631 359 1671 est:
397 1622 582 1671 Staieni
619 1622 768 1671 etiam
805 1639 895 1686 pro
933 1623 1167 1672 Cluentio
1206 1631 1289 1671 est.
1365 1622 1640 1671 Videamus
1676 1622 1873 1686 ecquod

127 1711 261 1760 aliud
285 1710 543 1770 iudicium,
571 1713 710 1774 quod
729 1728 819 1775 pro
846 1713 1080 1762 Cluentio
1107 1711 1182 1771 sit,
1212 1712 1428 1775 proferre
1453 1711 1717 1775 possimus.

198 1801 402 1851 Dixitne
461 1802 665 1850 tandem
725 1819 930 1851 causam
991 1802 1047 1850 C.
1113 1801 1449 1854 Fidiculanius
1510 1803 1726 1861 Falcula,
1790 1802 1873 1864 qui

130 1891 468 1956 Oppianicum
505 1891 879 1951 condemnarat,
922 1908 1037 1940 cum
1078 1891 1382 1955 praesertim,
1427 1891 1480 1950 id
1519 1892 1658 1955 quod
1697 1890 1788 1939 fuit
1822 1890 1873 1938 in

129 1980 214 2030 illo
272 1979 474 2030 iudicio>
516 1979 975 2041 invidiosissimum,
1024 1997 1214 2044 paucos
1261 1980 1368 2029 dies
1415 1996 1476 2049 ex
1523 1979 1874 2029 subsortitione

130 2069 380 2120 sedisset?
447 2070 586 2120 Dixit
629 2081 678 2120 et
713 2071 790 2121 bis
816 2070 1020 2134 quidem
1046 2070 1182 2120 dixit.
1260 2073 1321 2119 In
1360 2087 1607 2119 summam
1644 2069 1778 2120 enim
1815 2071 1871 2118 L.

133 2159 396 2223 Quinctius
436 2159 676 2208 invidiam
719 2159 1037 2230 contionibus
1076 2177 1193 2208 eum
1236 2159 1502 2209 cotidianis
1542 2159 1790 2209 seditiosis
1828 2169 1877 2208 et

131 2249 428 2299 turbulentis
453 2250 746 2298 adduxerat.
819 2251 941 2299 Uno
967 2248 1155 2298 iudicio
1192 2251 1348 2298 multa
1386 2257 1461 2298 est
1499 2250 1562 2297 ab
1603 2265 1664 2298 eo
1706 2247 1874 2312 petita,

133 2336 261 2386 sicut
284 2339 347 2387 ab
374 2338 538 2399 Iunio,
569 2339 707 2402 quod
732 2355 836 2387 non
861 2354 982 2388 suae
1007 2338 1238 2387 decuriae
1264 2355 1470 2387 munere
1496 2354 1661 2400 neque
1687 2354 1746 2387 ex
1769 2338 1877 2401 lege

132 2426 352 2475 sedisset.
461 2429 619 2476 Paulo
671 2428 920 2477 sedatiore
968 2436 1195 2491 tempore
1256 2435 1330 2476 est
1388 2435 1664 2487 accusatus,
1728 2442 1877 2489 quam

135 2515 322 2576 IuniuS‚
349 2516 440 2564 sed
465 2516 642 2565 eadem
667 2517 768 2565 fere
793 2517 902 2581 lege
929 2526 977 2566 et
1001 2518 1223 2565 crimine.
1299 2518 1430 2578 Quia
1454 2517 1592 2565 nulla
1617 2518 1666 2565 in
1692 2517 1878 2565 iudicio

132 2604 310 2653 seditio
334 2620 497 2668 neque
522 2607 595 2654 vis
619 2622 714 2655 nec
737 2608 882 2656 turba
905 2617 1100 2656 versata
1126 2617 1214 2666 est,
1241 2606 1402 2669 prima
1426 2607 1623 2655 actione
1648 2607 1880 2655 facillime

134 2700 210 2741 est
256 2694 525 2743 absolutus.
622 2697 741 2744 Non
787 2712 1000 2745 numero
1049 2697 1181 2744 hanc
1229 2696 1608 2745 absolutionem.
1706 2695 1880 2772 Q

136 2783 299 2858 Q
325 2784 457 2830 enim
481 2792 660 2847 potest,
687 2794 742 2862 Q:
766 2786 902 2834 illam
928 2787 1136 2835 multam
1162 2801 1266 2834 non
1285 2787 1605 2850 commiserit,
1627 2786 1880 2848 accepisse

137 2879 305 2921 tamen
341 2872 407 2921 ob
447 2887 551 2920 rem
576 2871 915 2923 iudicandam.
1006 2874 1253 2924 *Causam
1285 2890 1532 2938 nusquam
1557 2876 1788 2923 Staienus
1824 2889 1883 2922 ea

138 2959 203 3008 de
225 2976 278 3009 re
302 2961 412 3024 lege
437 2960 573 3010 dixit.
648 2963 908 3025 Proprium
933 2961 1123 3012 crimen
1159 2962 1283 3011 illud
1319 2964 1624 3026 quaestionis
1649 2965 1756 3012 eius
1781 2978 1884 3011 non

139 3049 246 3098 fuit.
318 3061 429 3115 104.
469 3048 807 3100 Fidiculanius
855 3053 978 3115 quid
1014 3052 1189 3100 fecisse
1226 3051 1522 3103 dicebatur?
1569 3051 1822 3115 accepisse
1857 3067 1888 3099 a

141 3136 374 3187 Cluentio
396 3140 485 3188 HS
506 3145 624 3189 (ff.
691 3141 846 3190 Cuius
873 3149 975 3189 erat
996 3141 1222 3189 ordinis?
1252 3140 1498 3190 senatorii.
1563 3142 1678 3203 Qua
1704 3142 1811 3204 lege
1838 3141 1886 3186 in

1899 1106 1956 1136 10

1906 1999 1965 2029 20

1909 2888 1972 2933 30
