2106 3386
249 180 321 232 74
433 167 588 220 PRo
632 166 697 218 A.
740 167 1158 221 CLUENT1o
1201 166 1526 223 ORAT1o.
1619 167 1990 237 [LXV111.193

246 309 436 356 factos?
455 306 711 356 mulierem
733 307 985 370 quandam
1003 306 1285 356 Larinatem
1304 308 1426 357 illim
1449 323 1604 371 usque
1622 325 1652 358 a
1670 310 1794 359 mari
1811 325 1992 373 supero

248 398 468 446 Romam
493 395 739 460 proficisci
776 413 891 444 cum
928 413 1111 460 magno
1147 397 1389 446 comitatu
1425 405 1475 446 et
1498 397 1725 460 pecunia,
1753 415 1857 462 quo
1879 397 1996 447 faci-

246 484 341 534 lius
378 483 734 534 circumvenire
771 484 959 534 iudicio
984 484 1161 549 capitis
1199 495 1352 549 atque
1378 485 1660 550 opprimere
1690 487 1848 537 filium
1882 502 1996 551 pos-

248 583 336 624 set.
412 585 526 639 193.
555 576 723 623 Nemo
749 584 853 623 erat
878 573 1090 635 illorum,
1118 592 1278 639 paene
1315 575 1497 637 dicam,
1526 575 1648 640 quin
1685 577 1994 641 expiandum

194 678 221 727 5
247 663 386 712 illum
433 666 601 712 locum
639 679 749 712 esse
785 663 1117 724 arbitraretur,
1146 680 1462 728 quacumque
1510 664 1595 713 illa
1640 664 1732 715 iter
1767 665 1995 716 fecisset:

247 768 397 801 nemo
440 751 563 815 quin
612 761 793 801 terram
840 753 1001 816 ipsam
1039 751 1224 813 violari,
1264 769 1395 816 quae
1443 761 1601 802 mater
1636 762 1711 803 est
1753 753 1995 815 omnium,

245 841 463 905 vestigiis
490 843 861 890 consceleratae
886 841 1054 890 matris
1071 850 1279 905 putaret.
1357 843 1536 905 Itaque
1562 843 1701 891 nullo
1725 841 1776 891 in
1802 842 1995 907 oppido

245 929 553 980 consistendi
577 938 800 994 potestas
825 930 871 979 ei
897 930 1016 980 fuit:
1054 947 1207 980 nemo
1244 947 1306 979 ex
1335 939 1410 980 tot
1446 929 1728 994 hospitibus
1763 931 1997 982 inventus

246 1027 321 1068 est
356 1018 443 1083 qui
479 1035 583 1068 non
609 1018 963 1083 contagionem
1001 1029 1234 1083 aspectus
1267 1021 1470 1083 fugeret.
1540 1019 1694 1069 Nocti
1723 1036 1777 1069 se
1827 1019 1996 1105 potius

163 1120 224 1151 10
246 1123 305 1157 ac
354 1106 612 1157 solitudini
661 1123 815 1170 quam
863 1107 953 1156 ulli
1001 1116 1087 1156 aut
1123 1107 1234 1157 urbi
1270 1118 1357 1157 aut
1404 1107 1591 1172 hospiti
1629 1107 1993 1159 committebat.

249 1211 362 1265 194.
390 1200 439 1248 N
443 1216 542 1248 unc
565 1215 686 1249 vero
712 1199 835 1263 quid
860 1208 989 1264 agat,
1016 1199 1138 1264 quid
1158 1199 1405 1261 moliatur,
1426 1199 1547 1263 quid
1575 1200 1793 1263 denique
1809 1199 1997 1250 cotidie

245 1288 433 1352 cogitet
469 1303 620 1351 quem
668 1287 897 1351 ignorare
944 1297 1230 1338 nostrorum
1266 1291 1444 1352 putat?
1538 1290 1682 1351 Quos
1718 1288 1996 1352 appellarit,

246 1376 429 1440 quibus
465 1375 732 1440 pecuniam
761 1376 1056 1440 promiserit,
1087 1393 1300 1440 quorum
1327 1378 1479 1426 fidem
1505 1377 1667 1440 pretio
1693 1379 1998 1427 labefactare

245 1475 426 1515 conata
462 1465 524 1514 sit
572 1474 814 1514 tenemus.
907 1465 1044 1528 Quin
1082 1465 1232 1515 etiam
1281 1474 1528 1514 nocturna
1575 1465 1828 1527 sacrificia,
1868 1482 1999 1530 quae

163 1570 219 1619 15
245 1563 386 1619 putat
412 1554 687 1604 occultiora
711 1570 835 1615 esse,
863 1555 1228 1617 sceleratasque
1254 1553 1359 1604 eius
1397 1570 1569 1617 preces
1596 1563 1644 1603 et
1670 1554 1859 1604 nefaria
1881 1564 2000 1605 vota

246 1643 572 1708 cognovimus
596 1663 606 1692 :
633 1643 815 1706 quibus
841 1643 924 1692 illa
949 1643 1100 1692 etiam
1121 1644 1247 1692 deos
1271 1643 1579 1693 immortales
1604 1644 1669 1693 de
1688 1635 1786 1694 suo
1811 1646 1999 1694 scelere

247 1741 455 1782 testatur
478 1749 644 1795 neque
669 1732 914 1796 intellegit
939 1732 1123 1796 pietate
1149 1742 1198 1782 et
1223 1732 1464 1797 religione
1501 1742 1550 1782 et
1586 1732 1727 1782 iustis
1763 1732 1999 1797 precibus

247 1823 459 1872 deorum
507 1830 719 1882 menteS‚
769 1838 873 1871 non
921 1821 1267 1871 contaminata
1315 1821 1670 1885 superstitione
1717 1837 1885 1886 neque
1933 1822 1998 1871 ad

248 1910 408 1960 scelus
451 1909 819 1973 perficiendum
859 1909 1016 1959 caesis
1050 1909 1227 1959 hostiis
1263 1926 1411 1973 posse
1435 1907 1640 1973 placariss
1710 1912 1868 1961 Cuius
1903 1926 2000 1974 ego

161 2013 224 2045 20
248 2001 464 2050 furorem
490 2009 643 2063 atque
668 1999 1018 2049 crudelitatem
1055 2001 1180 2049 deos
1217 1999 1524 2049 immortales
1551 2016 1581 2048 a
1605 1999 1705 2048 suis
1729 1999 1826 2048 aris
1846 1999 1999 2063 atque

249 2089 448 2153 templis
474 2099 766 2153 aspernatos
786 2106 896 2139 esse
921 2091 1138 2139 confid0.

315 2181 504 2227 LXIX.
548 2188 663 2244 195.
705 2182 812 2228 Vos
863 2179 1071 2239 iudices,
1122 2197 1250 2243 quos
1294 2180 1409 2228 huic
1459 2183 1520 2229 A.
1570 2179 1807 2231 Cluentio
1857 2180 1999 2243 quasi

248 2268 443 2332 aliquos
469 2270 592 2318 deos
618 2270 684 2318 ad
709 2285 860 2318 omne
885 2268 1014 2318 vitae
1051 2279 1248 2333 tempus
1285 2271 1483 2317 fortuna
1519 2285 1628 2318 esse
1653 2268 1823 2330 voluit,
1851 2268 2001 2318 huius

249 2357 677 2421 importunitatem
704 2357 872 2407 matris
899 2375 928 2407 a
952 2357 1039 2406 filii
1063 2357 1227 2422 capite
1265 2357 1517 2421 depellite.
1595 2356 1746 2406 Multi
1772 2373 1923 2421 saepe
1947 2357 1999 2406 in

165 2469 223 2518 25
249 2446 521 2496 iudicando
557 2456 768 2510 peccata
803 2446 1018 2496 liberum
1054 2457 1321 2511 parentum
1363 2446 1737 2496 misericordiae
1773 2461 2004 2496 concess-

249 2545 393 2585 erunt
417 2556 426 2585 :
463 2552 552 2585 vos
577 2552 641 2585 ne
666 2535 812 2585 huius
837 2536 1189 2586 honestissime
1214 2547 1377 2587 actam
1401 2537 1558 2595 vitam,
1582 2536 1753 2585 matris
1791 2535 2003 2586 crudeli·

249 2625 341 2673 tati
377 2624 680 2674 condonetis
717 2642 963 2689 rogamus,
992 2626 1283 2690 praesertim
1321 2643 1435 2675 cum
1473 2643 1534 2676 ex
1571 2627 1726 2675 altera
1761 2634 1904 2690 parte
1928 2634 2002 2674 to·

250 2723 356 2762 tum
393 2713 723 2777 municipium
759 2714 929 2764 videre
966 2715 1183 2779 possitis,
1275 2717 1467 2767 Omnes
1505 2715 1699 2776 scitote,
1738 2714 2002 2764 iudices—

250 2803 545 2853 incredibile
581 2804 721 2852 dictu
770 2813 861 2865 est,
913 2805 1004 2854 sed
1053 2821 1082 2853 a
1129 2821 1210 2854 me
1253 2804 1509 2854 verissime
1558 2804 2001 2866 dicetur—omnes
2032 2846 2057 2862 ,μ

163 2912 227 2959 30
253 2891 527 2951 Larinates,
556 2892 643 2955 qui
669 2894 943 2954 valuerunt,
972 2893 1169 2943 venisse
1207 2897 1440 2952 Romam,
1468 2902 1523 2942 ut
1548 2893 1683 2942 hunc
1719 2891 1888 2942 studio
1911 2892 2002 2941 fre-

251 2981 560 3046 quentiaque
585 2999 674 3031 sua
699 2993 941 3045 quantum
977 2993 1182 3047 possent
1219 2983 1270 3032 in
1306 2993 1447 3033 tanto
1485 2983 1591 3032 eius
1629 2981 1853 3046 periculo
1889 2981 2003 3030 sub-

250 3074 485 3121 levarent.
577 3071 750 3121 Pueris
787 3071 910 3121 illud
947 3073 1046 3122 hoc
1081 3082 1307 3137 tempore
1344 3082 1394 3122 et
1430 3071 1721 3122 mulieribus
1755 3069 1999 3134 oppidum

252 3160 428 3211 scitote
463 3177 572 3211 esse
615 3163 864 3222 traditum,
910 3162 1063 3226 idque
1106 3164 1158 3211 in
1199 3162 1480 3227 praesentia
1522 3159 1781 3211 communi
1821 3157 2000 3208 Italiae
