2106 3386
269 207 341 257 40
445 193 599 246 PRo
643 192 709 244 Α.
755 179 1173 245 CLUENTIO
1217 192 1542 246 ORATIO.
1585 193 1875 260 [xxxvm.
1914 205 2009 259 105

267 349 330 382 eo
354 349 534 397 genere
559 349 589 381 a
614 341 843 382 senatore
870 334 994 382 ratio
1019 335 1177 396 repeti
1203 334 1343 392 solet,
1372 333 1436 382 de
1461 331 1690 395 pecuniis
1708 333 2012 397 repetundi3‚

267 438 326 471 ea
349 424 459 487 lege
483 431 745 472 accusatus
770 423 1123 473 honestissime
1149 431 1224 472 est
1248 423 1523 472 absolutus.
1597 425 1727 472 Acta
1765 431 1840 472 est
1878 425 2012 472 enim

265 527 415 560 causa
439 527 579 561 more
604 512 863 570 maiorum,
886 510 993 560 sine
1016 512 1079 573 vi,
1118 513 1227 561 sine
1264 519 1417 572 mem,
1446 511 1552 559 sine
1589 510 1841 573 periculo:
1878 510 2016 561 dicta

266 608 314 648 et
339 602 564 663 exposita
588 609 637 650 et
664 602 1005 650 demonstrata
1030 609 1145 649 sunt
1171 599 1355 650 omnia.
1432 599 1658 649 Adducti
1682 601 1874 650 iudices
1899 609 2016 650 sunt

213 697 239 746 5
268 705 369 738 non
395 691 550 739 modo
574 688 799 753 potuisse
824 689 1035 738 honeste
1061 691 1124 738 ab
1153 706 1213 739 eo
1239 705 1379 738 reum
1416 688 1760 750 condemnari,
1788 689 1875 754 qui
1910 706 2014 739 non

266 787 508 842 perpetuo
535 779 757 838 sedisset,
787 778 891 838 sed,
920 778 1057 828 aliud
1083 779 1123 827 si
1149 781 1189 827 is
1215 779 1367 827 iudex
1393 777 1515 826 nihil
1540 779 1728 839 scisset,
1755 778 1851 828 nisi
1886 795 2015 843 quae

264 869 567 932 praeiudicia
591 869 655 917 de
681 884 742 917 eo
767 869 899 918 facta
924 884 1032 917 esse
1060 876 1362 927 constarent,
1391 868 1563 918 audire
1605 876 1862 931 praeterea
1886 867 2013 918 nihil

266 957 510 1006 debuisse.

331 1049 627 1096 XXXVIII.
674 1055 783 1111 105.
825 1048 870 1094 Τ
874 1062 957 1094 um
983 1047 1134 1095 etiarn
1160 1046 1230 1095 illi
1257 1046 1495 1110 quinque,
1536 1046 1637 1110 qui,
1675 1046 2015 1111 imperitorum

181 1155 240 1186 10
264 1135 524 1185 hominum
566 1137 880 1185 rumusculos
923 1136 1157 1200 aucupati
1199 1146 1304 1185 tum
1348 1136 1488 1184 illum
1533 1137 1870 1198 absolverunt,
1915 1136 2015 1186 iam

262 1244 404 1277 suam
439 1226 757 1277 clementiam
793 1226 985 1276 laudari
1008 1243 1192 1290 magno
1232 1242 1383 1290 opere
1423 1227 1676 1287 nolebant,
1703 1242 1734 1276 a
1771 1226 1951 1290 quibus
1977 1226 2018 1276 si
2085 1241 2090 1247 ·

263 1319 348 1384 qui
381 1328 638 1388 quaereret
663 1319 978 1369 sedissentne
1016 1319 1206 1369 iudices
1243 1319 1295 1368 in
1320 1321 1376 1370 C.
1408 1317 1708 1379 Fabricium,
1736 1318 1926 1369 sedisse
1963 1335 2016 1369 se

264 1409 486 1459 dicerent
507 1428 517 1459 :
543 1409 583 1458 si
602 1408 1023 1475 interrogare-ntur
1049 1425 1166 1477 num
1189 1425 1290 1472 quo
1315 1407 1520 1458 crimine
1539 1407 1580 1457 is
1601 1416 1732 1459 esset
1755 1416 2018 1458 accusatus

263 1507 611 1562 praeterquam
637 1500 819 1547 veneni
846 1498 969 1558 eiUS,
1009 1497 1148 1562 quod
1191 1497 1476 1561 quaesitum
1521 1495 1717 1549 Habito
1755 1495 2015 1557 diceretur,

183 1599 237 1648 15
263 1596 528 1652 negarent:
567 1589 607 1636 si
649 1588 835 1637 deinde
877 1597 1044 1661 essent
1081 1586 1240 1652 rogati
1279 1586 1399 1650 quid
1437 1587 1758 1648 iudicassent,
1783 1585 2019 1636 condem-

263 1693 407 1726 nasse
455 1693 508 1726 se
556 1676 813 1726 dicerent:
867 1669 1019 1726 nemo
1080 1675 1215 1725 enim
1274 1675 1500 1725 absolvit.
1600 1674 1798 1725 Eodem
1863 1673 2018 1724 modo

265 1766 546 1838 quaesitum
583 1765 622 1814 si
661 1775 791 1829 esset
821 1767 884 1815 de
910 1766 1238 1826 ScamandrO,
1266 1774 1401 1815 certe
1436 1764 1573 1815 idem
1606 1765 1983 1829 respondissent
2009 1782 2019 1812 :

264 1855 462 1904 tametsi
486 1855 569 1903 ille
593 1871 695 1903 una
720 1854 967 1904 sententia
992 1864 1066 1904 est
1092 1855 1367 1914 absolutus,
1396 1856 1487 1905 sed
1511 1854 1650 1904 illam
1675 1870 1830 1904 unam
1866 1870 2017 1904 nemo

263 1953 369 1993 tum
393 1943 600 1994 istorum
626 1961 766 1994 suam
804 1943 904 1993 dici
929 1945 1092 1993 vellet.
1171 1942 1283 1997 106.
1325 1946 1454 1994 Uter
1489 1943 1636 2009 igitur
1670 1942 1862 1993 facilius
1897 1958 2017 2015 suae

180 2048 239 2079 20
264 2033 539 2084 sententiae
564 2034 808 2083 rationem
832 2016 1064 2084 redderet
1087 2053 1096 2083 ε
1135 2032 1257 2094 isne,
1286 2033 1372 2098 qui
1411 2049 1465 2083 se
1504 2042 1555 2083 et
1597 2032 1691 2083 sibi
1726 2041 1776 2082 et
1799 2031 1870 2082 rei
1894 2031 2019 2082 iudi-

263 2132 404 2172 catae
440 2122 724 2172 constitisse
760 2122 897 2183 dicit,
936 2140 999 2172 an
1036 2122 1132 2184 ille,
1173 2123 1259 2186 qui
1296 2139 1349 2172 se
1385 2122 1438 2171 in
1480 2121 1758 2186 principem
1783 2119 2018 2171 maleficii

263 2214 443 2272 lenem,
481 2211 533 2260 in
569 2211 820 2260 adiutores
859 2212 965 2261 eius
1002 2219 1052 2260 et
1100 2210 1333 2276 conscios
1369 2209 1870 2260 vehementissimum
1908 2225 2018 2259 esse

262 2301 570 2365 respondet?
630 2279 858 2363 Quorum
895 2317 989 2364 ego
1027 2301 1091 2349 de
1127 2301 1379 2350 sententia
1403 2316 1506 2349 non
1533 2299 1696 2349 debeo
1733 2297 2018 2361 disputare:

264 2407 429 2454 neque
465 2389 599 2439 enim
637 2389 814 2439 dubito
851 2389 973 2454 quin
1009 2390 1132 2438 tales
1168 2389 1258 2438 viri
1294 2388 1578 2454 suspicione
1614 2389 1780 2453 aliqua
1803 2387 2017 2452 perculsi

178 2492 236 2541 25
267 2479 523 2544 repentina
583 2467 670 2529 de*
707 2488 836 2554 statu
897 2495 987 2528 suo
1047 2478 1361 2528 declinarint.
1460 2481 1629 2541 Quare
1688 2493 1879 2539 eorum,
1929 2477 2016 2541 qui

264 2571 599 2628 absolverunt,
638 2552 1030 2619 misericordiam
1066 2586 1171 2619 non
1219 2569 1552 2633 reprehendo,
1602 2583 1790 2631 eorum,
1841 2567 1928 2632 qui
1963 2565 2015 2616 in

264 2659 538 2710 iudicando
587 2659 842 2724 superiora
888 2658 1074 2716 iudicia
1133 2658 1291 2709 secuti
1340 2668 1455 2708 sunt
1514 2674 1605 2708 sua
1663 2666 1860 2722 sponte,
1909 2672 2015 2706 non

264 2748 454 2798 Staieni
488 2749 678 2809 fraude,
707 2750 1042 2800 constantiam
1079 2749 1374 2818 comprobO,
1413 2763 1588 2798 eorum
1627 2741 1759 2807 vero,
1798 2747 1884 2811 qui
1919 2743 2014 2796 sibi

263 2854 367 2888 non
403 2837 593 2902 liquere
631 2837 879 2898 dixerunt,
918 2838 1214 2902 sapientiam
1251 2837 1419 2898 laud0,
1460 2816 1544 2902 qui
1581 2838 1840 2886 absolvere
1879 2851 2010 2899 eum,

175 2940 239 2986 30
263 2943 413 2991 quem
471 2927 887 2977 nocentissimum
937 2937 1227 2993 cognorant,
1280 2936 1328 2977 et
1376 2943 1528 2990 quem
1575 2926 1671 2991 ipsi
1728 2926 1807 2976 bis
1864 2932 2013 2975 antea

263 3017 677 3077 condemnarant,
703 3018 841 3067 nullo
867 3019 1024 3068 modo
1049 3026 1282 3082 poterant
1306 3036 1316 3066 :
1353 3017 1704 3076 condemnare,
1733 3030 1849 3068 cum
1873 3021 2012 3064 tanta

263 3105 457 3157 consilii
482 3105 689 3155 infamia
716 3114 763 3155 et
789 3115 891 3156 tarn
919 3107 1100 3157 atrocis
1126 3107 1196 3157 rei
1221 3105 1442 3170 suspicio
1467 3114 1601 3156 esset
1624 3104 1822 3166 iniecta,
1857 3088 2011 3178 Q

263 3195 506 3259 posterius
531 3197 782 3259 patefacta
807 3213 856 3245 re
885 3198 1182 3246 maluerunt.
1259 3201 1369 3260 107.
1409 3197 1484 3244 Ac
1511 3210 1574 3244 ne
1600 3210 1660 3243 ex
1685 3195 1819 3244 sacto
1844 3192 2007 3242 solum

294 3253 451 3276 Ἢ

2083 2490 2106 2855 &Abas-*2*''meistsvsswmauzxoevse-,ss
2089 2369 2106 2474 :w'vm‘a-i1a.
2096 2326 2097 2329 „
2102 2285 2106 2289 ,
2102 2243 2106 2249 Δ
2102 2174 2106 2183 «.
2104 2150 2106 2152 .
2104 2130 2106 2132 ,
