2106 3386
166 110 334 150 xmx.
371 97 494 166 136]
573 96 726 149 PRo
768 96 836 147 A.
881 95 1301 149 CLUENTIO
1344 95 1668 147 ORATIO.
1837 109 1895 162 51

162 237 297 285 illam
336 238 521 301 famam
560 235 732 285 iudicii
773 235 994 300 corrupti
1033 234 1190 283 secuti
1233 242 1377 282 sunt:
1426 250 1589 297 neque
1628 234 1722 298 ipsi
1761 252 1904 285 secus

164 325 447 375 existimant
490 343 642 390 quam
690 342 782 375 nos
826 323 1093 375 existimari
1130 324 1360 372 volumus
1400 324 1464 372 de
1505 323 1651 372 huius
1694 325 1903 388 pudore,

162 415 456 480 integritate,
485 416 699 465 virtute:
760 414 849 464 sed
897 421 1135 478 putarunt
1182 412 1510 476 praetermitti
1563 422 1906 463 accusatorem

162 521 266 554 non
313 521 475 568 posse,
521 522 636 554 cum
678 503 1078 554 animadversum
1127 511 1257 565 esset
1293 502 1344 550 in
1386 502 1588 552 iudices
1681 506 1796 565 Qua
1842 504 1907 552 de

163 610 214 643 re
239 593 280 643 si
305 610 460 643 unum
487 595 677 643 factum
713 610 774 643 ex
810 592 947 642 omni
983 591 1279 656 antiquitate
1315 593 1585 655 protulero,
1625 594 1766 655 plura
1801 608 1905 641 non

163 683 342 732 dicam.
443 696 552 749 134.
594 687 713 733 Non
739 682 873 732 enim
900 682 1023 730 mihi
1049 683 1335 745 exemplum
1362 681 1544 730 summi
1570 691 1618 731 et
1645 681 1906 731 clarissimi

161 771 267 833 viri,
295 775 347 821 P.
377 773 612 834 Africani,
642 771 1061 837 praetereundum
1081 771 1304 821 videtur:
1333 771 1418 835 qui
1444 788 1560 820 cum
1580 780 1710 821 esset
1729 788 1907 820 censor

163 870 212 911 et
236 861 289 910 in
314 863 537 932 equitum
562 879 717 922 censu
744 863 800 911 C.
822 860 1045 910 Licinius
1065 860 1311 909 Sacerdos
1331 859 1596 923 prodisset,
1615 862 1747 909 clara
1764 877 1903 920 voce,

163 959 217 999 ut
242 951 406 1001 omnis
431 952 603 1001 contio
629 951 800 1001 audire
825 950 997 1015 possit,
1027 949 1151 999 dixit
1188 966 1240 999 se
1277 949 1402 1006 scire
1438 949 1578 998 illum
1603 949 1766 999 verbis
1792 966 1907 999 con-

161 1040 321 1106 §QQS
344 1041 596 1104 peierasse
619 1061 628 1090 ε
666 1040 707 1090 si
732 1040 820 1104 qui
844 1048 1018 1089 contra
1044 1041 1193 1089 vellet
1220 1039 1404 1110 dicere,
1423 1056 1630 1088 usurum
1657 1056 1766 1089 esse
1790 1056 1905 1089 eum

162 1144 255 1178 suo
303 1129 621 1179 testimonio:
682 1128 868 1179 deinde
915 1145 1034 1177 cum
1081 1144 1232 1177 nemo
1293 1137 1466 1178 contra
1513 1128 1714 1189 diceret,
1765 1128 1907 1180 iussit

163 1235 348 1283 equum
375 1220 647 1269 traducere.
724 1220 804 1267 Ita
828 1217 885 1279 is,
911 1219 1051 1267 cuius
1077 1217 1281 1278 arbitrio
1318 1227 1368 1267 et
1392 1219 1609 1281 populus
1644 1220 1908 1268 Romanus

164 1317 214 1357 et
239 1317 436 1358 exterae
462 1317 637 1372 gentes
662 1317 933 1357 contentae
954 1304 1064 1357 esse
1090 1316 1404 1371 consuerant,
1432 1309 1537 1371 ipse
1575 1324 1665 1356 sua
1700 1307 1910 1358 scientia

162 1398 227 1446 ad
276 1397 603 1461 ignominiam
651 1396 851 1447 alterius
900 1406 1168 1446 contentus
1206 1412 1310 1446 non
1346 1396 1452 1445 fuit.
1527 1397 1684 1459 Quod
1721 1397 1761 1446 si
1809 1398 1907 1447 hoc

165 1486 359 1536 Habito
400 1489 563 1536 facere
601 1486 835 1547 licuisset,
878 1485 1024 1536 facile
1063 1486 1158 1534 illis
1199 1487 1317 1550 ipsis
1365 1486 1616 1536 iudicibus
1665 1496 1715 1536 et
1755 1489 1906 1537 falsae

162 1575 434 1640 suspicioni
460 1585 511 1625 et
535 1576 755 1625 invidiae
780 1576 1090 1640 populariter
1110 1575 1353 1625 excitatae
1374 1575 1649 1643 restitisset.

232 1674 343 1731 135.
383 1667 557 1716 Unum
583 1664 734 1715 etiam
761 1675 850 1726 est,
880 1667 1017 1729 quod
1043 1682 1125 1715 me
1149 1665 1364 1715 maxime
1388 1666 1658 1729 perturbat,
1686 1666 1768 1714 cui
1793 1669 1906 1716 loco

161 1738 466 1818 respondere
490 1754 572 1804 vix
595 1755 770 1804 videor
794 1771 958 1818 posse,
984 1756 1123 1818 quod
1149 1755 1368 1818 elogium
1403 1754 1623 1804 recitasti
1661 1756 1725 1804 de
1762 1765 1907 1804 testa-

162 1853 335 1893 mento
383 1846 475 1895 Cn.
521 1846 702 1908 Egnati
743 1844 910 1907 patris,
951 1843 1168 1894 hominis
1208 1843 1547 1893 honestissimi
1588 1843 1823 1894 videlicet
1857 1854 1907 1895 et

162 1932 513 1998 sapientissimi
537 1953 548 1983 ε
584 1933 774 1983 idcirco
800 1950 853 1983 se
878 1933 1208 1983 exheredasse
1232 1933 1403 1993 filium,
1431 1933 1568 1996 quod
1593 1933 1635 1983 is
1661 1935 1728 1984 ob
1754 1936 1907 1999 Oppi-

161 2022 292 2072 anici
351 2024 825 2073 condemnationem
885 2024 1153 2087 pecuniam
1223 2022 1513 2087 accepisset.
1625 2025 1705 2073 De
1765 2023 1906 2074 cuius

161 2111 377 2162 hominis
403 2112 606 2162 levitate
631 2121 682 2162 et
706 2112 1044 2162 inconstantia
1067 2113 1211 2175 plura
1246 2128 1351 2161 non
1388 2114 1554 2162 dicam
1578 2132 1588 2162 ε
1626 2114 1725 2161 hoc
1762 2122 1906 2163 testa-

163 2210 389 2251 mentum
413 2201 591 2265 ipsum,
620 2203 757 2265 quod
782 2203 974 2263 recitaS‚
1005 2203 1112 2251 eius
1149 2201 1289 2251 modi
1315 2211 1404 2262 est,
1433 2211 1487 2250 ut
1513 2201 1609 2262 ille,
1637 2219 1753 2251 cum
1789 2219 1904 2252 eum

162 2290 319 2340 filium
356 2291 693 2353 exheredaret,
735 2308 886 2355 quem
923 2292 1114 2352 oderat,
1142 2293 1187 2341 ei
1223 2291 1326 2340 filio
1365 2292 1639 2341 coheredes
1677 2293 1906 2342 homines

161 2378 491 2429 alienissimos
527 2379 833 2443 adiungeret,
875 2396 1024 2443 quern
1063 2379 1316 2443 diligebat.
1391 2381 1492 2429 Sed
1527 2388 1596 2439 tu,
1624 2381 1762 2440 Acci,
1790 2396 1906 2430 con-

162 2469 567 2536 sideregcenseo
603 2469 881 2533 diligenter,
922 2478 1087 2518 utrum
1137 2470 1421 2519 censorium
1469 2468 1711 2518 iudicium
1757 2486 1905 2534 grave

162 2559 282 2607 velis
309 2574 418 2607 esse
442 2575 508 2607 an
547 2558 742 2622 Egnati.
818 2560 868 2607 Si
907 2557 1102 2622 Egnati,
1131 2560 1241 2608 leve
1278 2567 1365 2617 est,
1395 2559 1533 2620 quod
1568 2574 1803 2608 censores
1840 2560 1904 2609 de

162 2646 341 2696 ceteris
367 2647 797 2711 subscripserunt:
834 2647 1002 2710 ipsum
1039 2647 1175 2696 enim
1212 2649 1305 2698 Cn.
1347 2646 1634 2710 Egnatium,
1663 2665 1816 2711 quem
1852 2658 1905 2698 tu

161 2751 362 2799 gravem
399 2751 507 2784 esse
543 2735 631 2795 vis,
659 2752 719 2785 ex
757 2745 935 2785 senatu
984 2735 1268 2786 eiecerunt:
1306 2735 1382 2784 sin
1414 2744 1584 2785 autem
1619 2753 1900 2797 censorum,

1936 1055 1995 1086 10

1935 1949 1996 1980 20

1933 2391 1990 2440 25

162 2825 297 2873 hunc
335 2825 620 2888 Egnatium,
655 2842 804 2888 quem
843 2834 985 2888 pater
1019 2824 1250 2875 censoria
1294 2824 1660 2889 subscriptione
1703 2827 1903 2877 exhere-
1929 2843 1992 2888 30

162 2915 310 2973 davit,
338 2929 570 2962 censores
595 2913 646 2962 in
672 2923 861 2974 senatu,
891 2930 1008 2963 cum
1034 2923 1230 2978 patrem
1256 2913 1489 2976 eicerent,
1516 2916 1841 2966 retinuerunt.

229 3004 413 3050 XLIX.
457 3001 565 3066 136.
605 3005 673 3051 At
709 3002 844 3052 enim
882 3013 1082 3052 senatus
1109 3003 1366 3052 universus
1393 3001 1629 3052 iudicavit
1652 3003 1774 3054 illud
1799 3021 1903 3054 cor-

160 3103 358 3154 ruptum
384 3107 492 3140 esse
517 3090 770 3141 iudicium.
871 3094 988 3154 Quo
1015 3093 1211 3142 modo?
1246 3094 1474 3156 Suscepit
1510 3109 1724 3142 causam.
1820 3095 1902 3141 An
