2106 3386
290 192 358 258 36
515 192 667 245 PRo
710 193 778 244 A.
824 191 1240 246 cLUENTro
1283 191 1608 244 ORATIO.
1687 191 2027 261 [xxx1v.94

286 332 513 383 audiatur
556 341 695 382 tanto
739 333 952 395 silentio,
991 341 1098 395 tum
1149 332 1299 381 Iunio
1335 331 1644 382 defendendi
1682 334 1756 382 su'i
1802 341 2027 396 potestas

285 430 453 485 erepta
501 421 602 471 sit?
639 421 773 484 Quia
819 432 925 471 tum
964 423 1015 470 in
1052 438 1201 471 causa
1236 421 1361 469 nihil
1397 429 1502 470 erat
1538 430 1734 485 praeter
1769 421 2024 484 invidiam,

284 528 515 571 errorem,
544 512 898 575 suspicionem,
927 510 1190 560 contiones
1214 509 1493 559 cotidianas
1521 508 1760 560 seditiose
1786 526 1844 559 ac
1868 527 2026 575 popu-

284 600 448 650 lariter
483 600 775 650 concitatas.
851 601 1140 648 Accusabat
1177 599 1405 648 tribunus
1442 598 1603 662 plebis
1639 597 1775 648 idem
1812 600 1864 648 in
1911 615 2029 649 con-

233 703 261 755 5
287 691 517 751 tionibus,
558 690 692 739 idem
731 690 795 739 ad
832 688 1095 738 subsellia:
1132 689 1197 738 ad
1232 687 1473 737 iudicium
1510 703 1613 737 non
1649 689 1804 737 modo
1830 688 1893 737 de
1916 705 2031 738 con-

289 779 437 839 tione,
484 780 573 828 sed
611 777 761 827 etiam
803 778 1068 843 cum-ipsa
1103 777 1341 826 contione
1391 775 1635 825 veniebat.
1718 776 1915 826 Gradus
1962 778 2031 825 illi

288 868 477 917 Aurelii
512 877 620 916 tum
657 868 775 915 novi
801 865 944 930 quasi
979 882 1070 929 pro
1096 867 1291 914 theatro
1318 866 1386 914 illi
1413 865 1601 914 iudicio
1625 864 1876 921 aedificati
1900 866 2032 916 vide-

288 961 494 1006 bantur:
533 973 659 1019 quos
699 955 785 1004 ubi
822 965 1081 1005 accusator
1117 956 1380 1005 concitatis
1417 954 1708 1004 hominibus
1743 956 2031 1020 complerat,

287 1063 387 1096 non
428 1046 580 1095 modo
618 1045 821 1094 dicendi
859 1045 922 1093 ab
959 1061 1059 1105 reo,
1089 1046 1177 1093 sed
1213 1060 1278 1093 ne
1315 1043 1551 1107 surgendi
1576 1043 1781 1107 quidem
1808 1053 2032 1107 potestas

205 1154 264 1184 10
288 1144 403 1185 erat.
483 1146 562 1199 94.
605 1135 780 1197 Nuper
806 1134 942 1197 apud
970 1135 1029 1183 C.
1070 1132 1383 1193 Orchivium,
1410 1133 1655 1196 collegam
1681 1148 1866 1195 meum,
1893 1135 2034 1207 locus

288 1226 351 1274 ab
412 1223 660 1273 iudicibus
713 1225 899 1272 Fausto
950 1224 1116 1290 Sullae
1171 1224 1234 1272 de
1284 1223 1509 1285 pecuniis
1560 1221 1770 1271 residuis
1819 1239 1923 1272 non
1961 1233 2034 1273 est

289 1314 599 1372 constitutus,
638 1328 741 1360 non
779 1327 881 1374 quo
907 1311 976 1358 illi
1003 1320 1087 1359 aut
1112 1312 1338 1374 exlegem
1364 1327 1474 1360 esse
1500 1311 1689 1360 Sullam
1715 1320 1799 1360 aut
1832 1328 2032 1362 causam

289 1403 531 1466 pecuniae
568 1401 799 1465 publicae
836 1409 1181 1464 contemptam
1217 1410 1368 1464 atque
1393 1401 1644 1449 abiectam
1669 1409 1916 1464 putarent,
1945 1403 2034 1451 sed

290 1493 428 1555 quod
476 1499 743 1539 accusante
785 1490 985 1539 tribuno
1027 1489 1189 1552 plebis
1227 1490 1527 1548 condicione
1565 1505 1726 1552 aequa
1773 1491 2034 1554 disceptari

207 1594 261 1644 15
290 1598 438 1646 posse
469 1598 573 1630 non
599 1589 852 1644 putarunt.
929 1579 1066 1642 Quid
1092 1581 1387 1628 conferam?
1423 1579 1680 1629 Sullamne
1705 1596 1823 1629 cum
1851 1580 2038 1631 Iunio?

288 1688 352 1720 an
377 1672 511 1720 hunc
535 1670 788 1719 tribunum
814 1670 974 1732 plebis
1000 1686 1116 1717 cum
1155 1667 1430 1730 Quinctio?
1467 1685 1530 1717 an
1557 1685 1674 1719 vero
1699 1677 1896 1734 tempus
1920 1686 2035 1719 cum

288 1762 554 1824 tempore?
623 1761 758 1809 Sulla
791 1758 1017 1807 maximis
1055 1756 1250 1821 opibus,
1279 1759 1518 1820 cognatiS,
1564 1757 1830 1818 adfinibus,
1869 1775 2037 1808 neces-

289 1851 440 1912 sariis,
472 1847 737 1897 clientibus
773 1847 1028 1910 plurimis:
1066 1848 1190 1896 haec
1226 1856 1394 1896 autern
1419 1848 1557 1910 apud
1584 1849 1787 1896 Iunium
1812 1865 1964 1912 parva
1989 1858 2038 1899 et

290 1939 483 1997 infirma
509 1947 557 1986 et
583 1936 735 2000 ipsius
760 1937 931 1985 labore
958 1934 1183 2002 quaesita
1207 1945 1358 1999 atque
1384 1937 1608 1986 collecta.
1685 1936 1787 1986 Hic
1813 1937 2038 1987 tribunus
2099 1972 2106 2006 3

206 2044 266 2074 20
289 2028 450 2091 plebis
475 2027 748 2086 modestuS,
775 2026 989 2088 pudenS,
1016 2041 1119 2073 non
1151 2025 1306 2075 modo
1331 2041 1434 2074 non
1461 2025 1744 2087 seditiosus,
1772 2027 1861 2076 sed
1887 2026 2036 2077 etiam
2096 2007 2106 2058 '³

290 2115 539 2166 seditiosis
556 2116 892 2182 adversarius:
930 2114 1013 2163 ille
1030 2122 1197 2163 autem
1220 2115 1443 2181 acerbUS,
1461 2114 1770 2186 criminpsus,
1787 2117 2041 2180 popularis

292 2208 444 2255 homo
504 2221 562 2253 ac
621 2204 945 2253 turbulentus.
1038 2205 1263 2266 Tempus
1339 2205 1438 2253 hoc
1498 2204 1820 2268 tranquillum
1890 2215 2041 2271 atque
2101 2191 2104 2194 ’

292 2275 574 2359 placatum:
612 2293 734 2341 illud
773 2291 1008 2341 omnibus
1045 2291 1262 2341 invidiae
1299 2292 1680 2356 tempestatibus
1716 2293 2038 2346 concitatum.

293 2387 438 2448 Quae
463 2401 576 2446 cum
602 2383 670 2431 ita
695 2391 873 2443 essent,
900 2381 951 2429 in
978 2383 1165 2430 Fausto
1204 2366 1373 2431 tamen
1409 2381 1480 2430 illi
1515 2381 1706 2432 iudices
1750 2365 2038 2449 statuerunt,

209 2486 267 2536 25
295 2473 465 2537 iniqua
502 2467 803 2521 condicione
839 2487 980 2519 reum
1018 2486 1222 2519 causam
1259 2469 1438 2531 dicere,
1477 2486 1589 2519 cum
1631 2455 1916 2530 adversario„
1937 2462 2047 2523 eius¹
2076 2458 2106 2539 'ij

294 2563 358 2612 ad
382 2562 458 2627 ius
484 2559 814 2620 accusationis
839 2575 1033 2614 summa
1058 2559 1131 2626 vis
1156 2561 1419 2632 potestatis
1444 2561 1719 2629 accederet.
2079 2543 2106 2635 ἐξ

361 2653 571 2700 XXXV.
611 2659 692 2716 95.
737 2650 903 2712 Quam
928 2648 1137 2712 quidem
1161 2647 1408 2698 rationem
1433 2665 1539 2709 vos,
1557 2648 1763 2711 iudices,
1783 2650 2045 2717 diligenter
2074 2685 2104 2712 «ἢ

296 2757 386 2805 pro
423 2748 588 2788 vestra
626 2738 872 2801 sapientia
913 2736 986 2804 [et
1012 2736 1347 2804 humanitate]
1386 2737 1606 2802 cogitare
1631 2747 1680 2789 et
1715 2739 1915 2804 penitus
1939 2756 2045 2805 per·
2071 2729 2102 2792 ἕ

297 2828 487 2893 spicere
537 2827 748 2887 debetis,
798 2826 921 2891 quid
980 2825 1113 2887 mali,
1164 2835 1407 2890 quantum
1466 2826 1674 2891 periculi
1728 2828 1817 2878 uni
1862 2783 2102 2901 cuique{}

213 2935 274 2980 30
297 2928 522 2969 nostrum
565 2916 743 2966 inferre
791 2916 950 2980 possit
1006 2915 1080 2964 vis
1140 2915 1418 2977 tribunicia,
1479 2917 1696 2967 conflata
1753 2917 2043 2982 praesertim
2067 2895 2106 3005 Ξ

299 3007 487 3057 invidia
510 3015 561 3056 et
597 3005 920 3055 contionibus
961 3003 1199 3055 seditiose
1237 3005 1512 3056 concitatis.
1589 3005 1807 3072 Optimis
1844 3007 2046 3058 hercule
2071 3048 2093 3082 4

302 3095 626 3160 temporibuS,
668 3103 789 3156 tum,
830 3111 947 3143 cum
987 3095 1217 3144 homines
1260 3111 1313 3145 se
1351 3111 1454 3145 non
1501 3095 1770 3147 iactatione
1803 3098 2046 3161 populari,
2067 3099 2106 3163 ξ’

304 3188 395 3237 sed
443 3187 684 3250 dignitate
733 3193 883 3248 atque
930 3184 1220 3233 innocentia
1267 3185 1547 3244 tuebantur,
1610 3194 1775 3235 tamen
1834 3201 1931 3236 nec
1976 3178 2090 3263 κΡ
