2106 3386
100 138 230 178 xm.
262 125 352 193 36]
418 125 569 178 PRo
611 125 680 176 A.
725 124 1141 178 CLUENTIO
1184 124 1510 178 ORATIO.
1778 141 1836 191 13

97 282 148 316 se
190 275 387 315 mortuo
425 266 559 329 apud
606 267 867 326 Dinaeam,
896 281 1023 329 quae
1066 275 1172 313 tum
1208 267 1254 314 ei
1288 267 1479 314 mulieri
1519 281 1694 315 socrus
1719 275 1836 325 erat,

96 357 265 420 quoad
320 364 525 419 pareret,
575 356 819 404 habitaret
875 356 1280 419 diligentiamque
1329 355 1600 415 adhiberet,
1657 365 1710 404 ut
1770 357 1837 415 id,

95 446 232 508 quod
256 453 566 508 conceperat,
603 460 798 494 servare
822 453 872 494 et
906 446 1095 493 salvum
1121 461 1292 508 parere
1318 453 1502 508 posset.
1577 446 1755 507 Itaque
1794 443 1838 492 ei

94 542 393 583 testamento
418 535 546 596 legat
571 535 810 597 grandem
844 535 1108 597 pecuniam
1135 550 1164 582 a
1189 533 1306 593 filio,
1334 535 1373 582 si
1411 535 1495 597 qui
1534 542 1680 582 natus
1719 535 1837 582 erit:

94 624 157 672 ab
204 623 426 671 secundo
474 623 659 672 herede
709 624 830 671 nihil
878 623 1022 685 legat.
1118 634 1201 688 34.
1257 624 1395 685 Quid
1443 624 1508 671 de
1556 624 1839 686 Oppianico

95 713 371 775 suspicatus
432 714 494 760 sit
553 713 759 761 videtis:
821 713 943 775 quid
996 712 1223 761 iudicarit
1278 713 1548 761 obscurum
1597 728 1699 761 non
1749 722 1834 761 est.

96 802 228 850 Nam
264 802 402 849 cuius
436 802 591 849 filium
629 803 811 850 faceret
850 801 1103 861 heredem,
1133 819 1247 850 eum
1281 810 1495 851 tutorem
1529 802 1694 851 liberis
1735 818 1839 851 non

95 889 367 952 adscripsit.
467 889 605 951 Quid
660 890 967 953 Oppianicus
993 889 1184 955 „fecerit
1240 890 1542 954 cognoscite,
1593 898 1647 939 ut
1701 891 1839 938 illum

97 980 318 1042 Magium
344 979 640 1042 intellegatis
665 995 770 1028 non
803 981 950 1042 longe
987 980 1155 1028 animo
1188 981 1502 1043 prospexisse
1527 981 1834 1029 morientem.

96 1071 238 1132 Quae
276 1068 488 1133 pecunia
529 1071 720 1119 mulieri
759 1071 920 1133 legata
962 1079 1066 1118 erat
1107 1087 1136 1118 a
1178 1069 1294 1129 filio,
1340 1071 1380 1117 si
1421 1071 1505 1133 qui
1546 1079 1691 1118 natus
1734 1071 1838 1129 erit,

94 1176 204 1208 eam
251 1168 563 1222 praesentem
607 1159 915 1221 Oppianicus
953 1174 1055 1207 non
1094 1159 1316 1207 debitam
1354 1160 1545 1207 mulieri
1595 1160 1752 1219 solvit,
1799 1161 1839 1207 si

94 1249 215 1296 haec
251 1247 430 1296 solutio
467 1249 741 1310 legatorum
784 1257 832 1295 et
876 1264 978 1296 non
1004 1264 1193 1296 merces
1235 1248 1508 1296 abortionis
1541 1249 1841 1311 appellanda

93 1347 179 1385 est.
253 1338 370 1398 Quo
408 1336 489 1384 illa
520 1338 679 1399 pretio
714 1346 923 1400 accepto
950 1339 1219 1399 multisque
1244 1346 1500 1400 praeterea
1534 1338 1837 1398 muneribus,

93 1443 221 1488 quae
267 1435 374 1474 tum
422 1442 482 1475 ex
529 1425 711 1475 tabulis
760 1425 1031 1489 Oppianici
1091 1427 1441 1485 recitabantur,
1493 1442 1634 1489 spem
1686 1427 1835 1486 illam,

93 1530 242 1578 quam
279 1517 330 1562 in
372 1516 482 1564 alvo
516 1516 924 1564 commendatam
958 1532 988 1562 a
1022 1516 1124 1563 viro
1149 1515 1452 1575 continebat,
1482 1517 1611 1563 victa
1637 1517 1839 1564 avaritia

93 1605 263 1653 sceleri
303 1604 568 1668 Oppianici
606 1605 845 1653 vendidit.
943 1613 1026 1668 35.
1079 1604 1219 1652 Nihil
1260 1621 1408 1667 posse
1451 1606 1549 1652 iam
1597 1606 1661 1653 ad
1710 1605 1838 1652 hanc

5 1698 12 1744 ἶ
93 1692 458 1756 improbitatem
508 1694 624 1741 addi
665 1694 889 1742 videtur:
923 1694 1165 1742 attendite
1202 1694 1401 1741 exitum.
1478 1693 1622 1754 Quae
1663 1692 1839 1742 mulier

93 1782 427 1831 obtestatione
474 1783 559 1830 viri
603 1783 781 1830 decem
830 1783 922 1830 illis
972 1783 1343 1857 mensibuslne
1385 1783 1594 1831 domum
1634 1784 1838 1846 quidem

93 1872 242 1920 ullam
279 1873 371 1920 nisi
405 1888 573 1920 socrus
611 1888 728 1920 suae
765 1888 913 1920 nosse
939 1871 1125 1932 debuit,
1154 1872 1276 1921 haec
1314 1874 1490 1935 quinto
1526 1889 1700 1922 mense
1724 1883 1838 1936 post

93 1962 180 2010 viri
226 1970 434 2011 mortem
490 1963 584 2024 ipsi
644 1963 926 2025 Oppianico
982 1963 1162 2024 nupsit.
1287 1963 1433 2023 Quae
1481 1964 1686 2025 nuptiae
1734 1979 1838 2011 non

94 2049 354 2100 diuturnae
400 2053 608 2100 fuerunt.
684 2053 839 2099 Erant
888 2050 1020 2099 enim
1069 2067 1172 2100 non
1221 2051 1523 2101 matrimonii
1579 2051 1836 2115 dignitate,

94 2139 181 2188 sed
207 2140 403 2188 sceleris
428 2141 665 2188 societate
689 2140 1000 2188 coniunctae.

159 2229 311 2278 XIII.
348 2226 432 2292 36.
473 2227 651 2290 Quid?
687 2228 772 2276 illa
807 2228 988 2277 caedes
1026 2229 1182 2278 Asuvi
1221 2229 1468 2279 Larinatis
1504 2229 1839 2279 adulescentis

62 2316 366 2379 pecuniosi,
419 2333 570 2380 quam
618 2319 750 2366 clara
792 2326 900 2366 tum
943 2318 1132 2366 recenti
1176 2335 1226 2367 re
1266 2318 1372 2381 fuit,
1418 2335 1570 2381 quam
1611 2318 1838 2367 omnium

94 2423 325 2456 sermone
372 2409 657 2456 celebrata!
730 2407 844 2455 Fuit
892 2407 1105 2455 Avillius
1155 2407 1362 2470 quidam
1413 2408 1596 2457 Larino
1644 2408 1840 2472 perdita

96 2495 318 2559 nequitia
372 2505 421 2545 et
483 2512 678 2545 summa
737 2505 972 2560 egestate,
1036 2507 1140 2545 arte
1200 2499 1422 2560 quadam
1472 2497 1748 2560 praeditus¹
1774 2500 1839 2547 ad

96 2584 328 2634 libidines
364 2586 854 2635 adulescentulorum
888 2585 1179 2636 excitandas
1221 2588 1618 2648 accommodata,
1661 2588 1747 2651 qui
1785 2600 1839 2637 ut

20 2722 24 2726 .
94 2689 146 2722 se
203 2674 459 2724 blanditiis
518 2684 567 2725 et
627 2676 1062 2725 adsentationibus
1110 2677 1160 2724 in
1210 2676 1366 2725 Asuvi
1419 2678 1839 2728 consuetudinem

96 2762 293 2825 penitus
335 2763 590 2824 immersit,
639 2763 953 2827 Oppianicus
996 2764 1239 2813 continuo
1284 2780 1480 2826 sperare
1520 2767 1702 2829 coepit,
1742 2768 1839 2815 hoc

97 2865 149 2899 se
195 2851 378 2900 Avillio
425 2861 678 2915 tamquam
727 2853 895 2916 aliqua
936 2852 1169 2901 machina
1217 2854 1424 2902 admota
1465 2870 1645 2918 capere
1683 2856 1839 2904 Asuvi

97 2939 486 2990 adulescentiam
544 2951 594 2991 et
652 2944 876 2991 fortunas
925 2942 1031 2992 eius
1091 2942 1273 3005 patrias
1333 2959 1616 3008 expugnare
1675 2963 1837 3009 posse.

31 3063 48 3073 t
99 3027 252 3077 Ratio
299 3029 581 3092 excogitata
629 3030 796 3079 Larini
847 3039 937 3091 est,
988 3047 1063 3080 res
1113 3033 1350 3081 translata
1400 3035 1634 3083 Romam.
1719 3036 1839 3084 Iniri

99 3116 233 3165 enim
259 3119 524 3167 consilium
549 3119 741 3168 facilius
780 3119 830 3168 in
869 3120 1151 3180 solitudine,
1179 3123 1416 3183 perficere
1442 3139 1546 3172 rem
1573 3123 1676 3172 eius
1702 3126 1839 3174 modi

1870 1088 1927 1118 10

1869 1531 1924 1580 15

1867 1980 1928 2011 20

1865 2869 1927 2915 30
