2106 3386
245 181 311 245 58
573 179 728 233 PRO
769 179 839 231 A.
884 178 1302 233 cLUENTIO
1346 176 1672 231 ORATIO.
1736 177 1851 245 [ιν.
1886 188 1988 243 150

241 335 351 370 esse
377 329 678 385 superatum.
743 321 862 368 Non
890 318 1023 368 enim
1050 318 1171 366 mihi
1197 318 1320 367 haec
1347 333 1498 366 causa
1523 318 1631 366 sola
1654 316 1873 368 dicenda
1898 325 1983 366 est.

242 409 496 460 Omnibus
533 409 616 457 hic
651 408 793 457 labor
818 423 958 456 meus
992 407 1278 471 propositus
1304 415 1395 467 est,
1422 405 1728 471 quicumque
1763 407 1858 455 hac
1895 406 1991 454 fac-

240 499 396 547 ultate
438 495 747 547 defensionis
791 495 1017 544 contenti
1061 511 1168 544 esse
1206 503 1430 559 possunt.
1505 496 1642 544 Nolo
1689 510 1990 559 quemquam

239 603 428 647 eorum,
464 584 550 649 qui
588 586 785 646 adsunt,
829 582 1108 633 existimare
1150 600 1246 644 me,
1292 599 1421 646 quae
1464 584 1528 633 de
1566 585 1676 647 lege
1723 585 1786 633 ab
1833 581 1992 632 Accio

188 690 213 739 5
239 674 375 724 dicta
394 683 523 735 sunt,
543 674 583 723 si
608 671 903 733 reticuerim,
931 674 1278 737 comprobare.
1351 675 1517 735 Quam
1543 673 1608 722 ob
1628 689 1747 734 rem,
1773 671 1990 734 Cluenti,

233 764 303 814 (le
341 774 390 814 te
431 764 524 814 tibi
566 765 831 826 obsequor,
875 778 1042 826 neque
1091 761 1224 811 enim
1273 763 1438 826 legem
1481 761 1639 812 recito
1681 778 1848 825 neque
1893 762 1991 810 hoc

237 855 352 904 loco
377 870 467 918 pro
503 862 552 903 te
595 852 726 913 dico,
754 853 843 901 sed
870 868 940 911 ea,
971 867 1099 914 quae
1142 867 1171 899 a
1203 867 1284 899 me
1327 850 1598 900 desiderari
1622 850 1844 910 arbitror,
1889 865 1989 899 non

237 944 532 1008 relinquam.

309 1034 412 1080 LV.
457 1039 569 1096 150.
613 1029 853 1092 Iniquum
872 1028 964 1078 tibi
982 1028 1191 1089 videtur,
1213 1027 1353 1088 Acci,
1376 1043 1483 1077 esse
1503 1043 1606 1076 non
1624 1027 1785 1077 isdem
1801 1025 1991 1091 legibus

159 1139 218 1169 10
241 1138 417 1172 omnes
459 1120 631 1171 teneri.
724 1118 958 1180 Primum,
1000 1129 1054 1168 ut
1092 1118 1143 1167 id
1182 1116 1548 1181 iniquissimum
1587 1133 1696 1167 esse
1738 1118 1989 1179 confitear,

242 1211 348 1262 eius
373 1210 512 1261 modi
539 1219 628 1270 est,
657 1217 712 1258 ut
736 1207 1059 1276 commutatis
1085 1208 1157 1257 eis
1182 1224 1308 1271 opus
1334 1206 1398 1257 sit
1433 1206 1641 1271 legibuS,
1668 1222 1773 1256 non
1808 1215 1863 1255 ut
1897 1205 1988 1267 his,

242 1316 370 1364 quae
396 1308 524 1360 sunt,
553 1315 657 1348 non
682 1313 958 1362 pareamus,
1037 1296 1238 1347 Deinde
1264 1296 1375 1360 quis
1400 1312 1636 1361 umquam
1672 1297 1770 1345 hoc
1796 1304 1994 1346 senator

242 1388 500 1457 rectis—avit,
529 1405 594 1449 ne
618 1404 720 1452 quo
745 1387 974 1437 altiorem
999 1388 1210 1452 gradum
1245 1386 1501 1451 dignitatis
1536 1387 1785 1437 beneficio
1820 1385 1992 1450 populi

244 1479 463 1530 Romani
507 1487 638 1529 esset
679 1486 998 1539 consecutUS‚
1041 1494 1102 1546 ep
1147 1493 1199 1526 se
1247 1486 1446 1541 putaret
1495 1476 1778 1527 durioribus
1825 1477 1991 1540 legum

162 1580 215 1629 15
242 1569 626 1621 condicionibus
674 1569 747 1626 uti
797 1570 1068 1632 oportere?
1119 1569 1289 1630 Quam
1337 1569 1494 1617 multa
1543 1575 1658 1616 sunt
1705 1566 1990 1625 commoda,

244 1658 424 1722 quibus
461 1674 701 1731 caremus,
741 1674 893 1720 quam
930 1658 1088 1706 multa
1123 1658 1336 1707 molesta
1373 1665 1422 1706 et
1458 1654 1692 1718 difficilia,
1733 1671 1860 1719 quae
1884 1656 1994 1705 sub-

245 1751 405 1798 imus!
465 1756 615 1810 atque
662 1747 789 1796 haec
838 1745 1008 1796 omnia
1055 1754 1251 1796 tantum
1299 1745 1505 1796 honoris
1554 1755 1602 1795 et
1649 1743 1993 1809 amplitudinis

244 1838 518 1888 commodo
578 1845 982 1900 compensantur.
1081 1837 1333 1886 Converte
1394 1851 1528 1885 nunc
1587 1835 1653 1884 ad
1711 1842 1994 1898 equestrem

245 1928 474 1978 ordinem
511 1935 664 1989 atque
701 1925 754 1974 in
791 1934 984 1975 ceteros
1020 1925 1224 1975 ordines
1251 1926 1455 1975 easdem
1481 1924 1612 1975 vitae
1636 1923 1995 1975 condiciones:

159 2031 220 2063 20
245 2034 347 2066 non
372 2017 621 2081 perferent
644 2035 653 2064 :
691 2023 869 2078 putant
893 2014 1028 2064 enim
1054 2014 1220 2080 minus
1247 2016 1430 2064 multos
1455 2013 1549 2063 sibi
1584 2015 1793 2077 laqueos
1828 1999 1994 2077 legum

246 2116 295 2158 et
337 2106 697 2157 condicionum
741 2122 800 2154 ac
841 2104 1142 2154 iudiciorum
1181 2104 1466 2168 propositos
1504 2120 1612 2154 esse
1637 2113 1880 2169 oportere,
1909 2103 1994 2167 qui

246 2213 496 2246 summurn
521 2196 690 2244 locum
716 2192 929 2243 civitatis
954 2201 1042 2242 aut
1067 2209 1170 2242 non
1189 2201 1462 2257 potuerunt
1485 2192 1756 2243 ascendere
1779 2201 1866 2242 aut
1889 2208 1994 2241 non

244 2286 540 2351 petiverunt.
617 2292 727 2349 151.
768 2286 935 2347 Atque
960 2292 1013 2332 ut
1039 2283 1268 2332 omittam
1288 2284 1421 2346 leges
1447 2283 1567 2332 alias
1593 2299 1784 2343 omneS,
1812 2283 1994 2346 quibus

246 2393 339 2427 nos
376 2386 617 2437 tenemur,
656 2372 810 2423 ceteri
845 2380 1013 2438 autem
1053 2381 1167 2421 sunt
1203 2372 1405 2422 ordines
1440 2372 1650 2434 liberati,
1677 2373 1808 2422 hanc
1833 2372 1992 2437 ipsam

160 2473 216 2523 25
245 2468 441 2530 legem:
488 2480 561 2513 NE
609 2478 732 2523 QUIS
781 2477 991 2512 mmcm
1040 2477 1574 2523 CIRCUMVENIRETUR,
1625 2463 1681 2513 C.
1735 2463 1991 2512 Gracchus

246 2554 388 2604 tulit:
426 2570 538 2603 eam
577 2555 740 2617 legem
775 2567 867 2615 pro
892 2552 1056 2615 plebe,
1084 2567 1187 2600 non
1212 2551 1263 2598 in
1299 2552 1500 2613 plebem
1524 2550 1650 2600 tulit.
1724 2553 1908 2601 Postea
1932 2553 1988 2600 L.

245 2644 395 2704 Sulla,
416 2644 570 2692 homo
595 2659 624 2691 a
648 2641 825 2706 populi
848 2657 999 2690 causa
1023 2639 1397 2700 remotissimus,
1426 2648 1610 2701 tamen,
1637 2655 1754 2689 cum
1791 2639 1898 2690 eius
1922 2639 1991 2690 rei

245 2731 592 2797 quaestionem
616 2731 713 2780 hac
738 2730 846 2795 ipsa
870 2731 979 2794 lege
1005 2728 1343 2789 constitueret,
1372 2745 1471 2792 qua
1506 2745 1596 2778 vos
1632 2730 1732 2779 hoc
1766 2709 1991 2794 tempore

244 2820 488 2880 iudicatiS‚
527 2821 772 2885 populum
811 2823 1114 2879 Romanum,
1144 2835 1296 2882 quem
1332 2819 1396 2868 ab
1432 2820 1528 2868 hoc
1563 2834 1745 2883 genere
1779 2819 1990 2868 liberum

159 2923 219 2969 30
243 2919 520 2975 acceperat,
561 2910 780 2974 adligare
821 2925 955 2959 novo
998 2909 1304 2973 quaestionis
1346 2923 1527 2972 genere
1565 2923 1712 2957 ausus
1753 2923 1858 2958 non
1898 2916 1987 2958 est.

246 3001 401 3064 Quod
427 3001 466 3048 si
493 2998 598 3048 fieri
622 3015 769 3062 posse
797 2998 1139 3058 existimasset,
1166 3014 1258 3062 pro
1283 2998 1368 3046 illo
1394 2997 1528 3057 odio,
1555 2997 1693 3062 quod
1729 2997 1904 3046 habuit
1939 2998 1989 3046 in

245 3098 527 3154 equestrem
553 3088 796 3148 ordinem,
814 3089 936 3136 nihil
961 3089 1157 3137 fecisset
1179 3087 1430 3149 libentiuS,
1453 3102 1603 3150 quarn
1627 3101 1830 3136 omnem
1854 3086 1991 3135 illam

246 3179 567 3229 acerbitatem
592 3179 967 3241 proscriptionis
992 3192 1123 3237 suae,
1146 3193 1247 3241 qua
1265 3185 1341 3226 est
1363 3191 1481 3225 usus
1501 3177 1550 3224 in
1570 3184 1759 3226 veteres
1785 3175 1989 3236 iudiceS‚
