2106 3386
107 122 420 189 xxx11.s7]
497 118 650 171 PRo
692 119 761 171 A.
803 119 1220 172 CLUENrio
1264 118 1589 171 ORATIO.
1780 132 1843 183 33

172 261 366 308 XXXI.
405 258 488 324 84.
526 263 593 308 At
637 259 770 308 enim
811 257 1080 322 pecuniam
1115 257 1319 307 Staieno
1357 257 1499 307 dedit
1535 256 1845 320 Oppianicus

105 364 205 398 non
243 349 307 398 ad
346 349 772 412 corrumpendum
796 346 1056 408 iudicium,
1084 346 1173 396 sed
1209 347 1275 395 ad
1311 345 1718 395 conciliationem
1744 363 1846 410 gra-

102 437 215 488 tiae.
287 440 429 488 Tene
465 439 579 499 hoe,
606 437 747 499 Acci,
774 436 954 498 dicere,
982 436 1069 486 tali
1093 436 1372 499 prudentia,
1402 436 1552 486 etiam
1579 452 1672 500 usu
1696 445 1846 499 atque

102 526 456 576 exercitatione
492 527 814 591 praeditum?
883 525 1318 590 Sapientissimum
1355 542 1464 576 esse
1501 525 1679 575 dicunt
1716 541 1844 586 eum,

102 616 185 676 cui
210 617 347 680 quod
385 632 511 680 opus
546 616 608 666 sit
641 616 736 690 ip'si
770 617 935 666 veniat
968 615 1021 663 in
1056 624 1307 664 mentem:
1343 616 1568 679 proxime
1606 615 1846 670 accedere
1907 628 1931 676 5

101 705 256 766 illum,
284 706 369 770 qui
394 706 593 755 alterius
630 707 762 755 bene
786 704 1003 754 inventis
1030 706 1358 769 obtemperet.
1413 707 1474 753 In
1500 702 1708 753 stultitia
1732 720 1848 753 con-

101 805 175 845 tra
199 804 287 844 est.
364 795 537 844 Minus
564 795 698 844 enim
726 796 907 844 stultus
932 803 1008 843 est
1034 794 1089 853 is,
1117 793 1198 842 cui
1222 781 1346 842 nihil
1371 794 1422 842 in
1448 802 1669 843 mentem
1696 792 1844 852 venit,

102 901 255 948 quarn
279 883 375 945 ille,
405 884 507 947 qui,
536 885 674 947 quod
700 885 848 933 stulte
874 883 1018 932 alteri
1044 882 1180 932 venit
1206 883 1256 931 in
1276 892 1515 943 mentem,
1537 883 1843 946 comprobat.

104 975 258 1022 Istam
294 972 703 1023 conciliationem
739 972 926 1036 gratiae
970 972 1202 1022 Staienus
1245 981 1352 1021 tum
1395 971 1586 1022 recenti
1627 988 1693 1031 re,
1733 988 1847 1020 cum

102 1061 330 1134 faucibus
355 1071 676 1126 premeretur,
705 1062 1022 1126 excogitavit,
1051 1061 1172 1122 sive,
1208 1071 1262 1111 ut
1287 1062 1520 1110 homines
1548 1070 1654 1110 tum
1679 1062 1851 1124 loque·
1880 1076 1937 1106 10

102 1154 294 1212 bantur,
345 1169 376 1200 a
418 1154 472 1200 P.
521 1152 747 1215 Cethego
807 1150 1115 1201 admonitus.
1189 1150 1268 1216 85.
1310 1153 1446 1199 Nam
1500 1150 1653 1200 fuisse
1709 1151 1847 1199 hunc

103 1250 208 1290 tum
258 1240 521 1290 hominum
581 1256 864 1290 sermonem
918 1240 1172 1290 recordari
1222 1239 1477 1304 potestis:
1549 1240 1848 1304 Cethegum,

104 1330 241 1394 quod
277 1329 539 1379 hominem
577 1331 766 1380 odisset
803 1339 853 1380 et
889 1330 1027 1392 quod
1076 1330 1182 1379 eius
1232 1329 1611 1393 improbitatem
1662 1332 1847 1379 versari

105 1421 156 1468 in
191 1436 244 1469 re
281 1420 485 1483 publica
532 1420 690 1469 nollet
735 1428 782 1469 et
820 1421 959 1484 quod
1020 1419 1211 1469 videret
1269 1435 1402 1480 eum,
1441 1418 1528 1482 qui
1565 1435 1617 1468 se
1657 1419 1720 1467 ab
1761 1435 1849 1468 reo

78 1509 392 1578 pecuniam,
448 1525 564 1558 cum
616 1508 766 1558 iudex
827 1518 971 1569 esset,
1029 1509 1158 1558 clam
1210 1517 1363 1571 atque
1419 1517 1556 1557 extra
1616 1507 1846 1558 ordinem
1881 1522 1935 1570 15

105 1598 358 1662 accepisse
395 1599 659 1648 confessus
697 1607 842 1658 esset,
883 1600 1076 1648 salvum
1113 1615 1223 1647 esse
1259 1614 1364 1647 non
1399 1613 1564 1661 posse,
1602 1597 1768 1647 minus
1805 1598 1850 1647 ei

106 1686 256 1736 fidele
280 1686 547 1736 eonsilium
573 1686 787 1736 dedisse.
865 1689 928 1735 In
951 1688 1050 1736 hoc
1077 1686 1118 1736 si
1142 1686 1405 1750 improbus
1446 1687 1702 1750 Cethegus
1739 1686 1846 1746 fuit,

106 1774 302 1825 videtur
337 1775 458 1823 mihi
495 1775 834 1825 adversarium
872 1792 1129 1826 removere
1173 1776 1404 1826 voluisse.
1481 1777 1568 1827 Sin
1607 1787 1710 1827 erat
1747 1778 1852 1828 eius

46 1856 48 1858 ’
107 1864 246 1914 modi
282 1880 447 1924 causa,
487 1873 541 1913 ut
578 1863 810 1914 Staienus
846 1882 1083 1915 nummos
1127 1882 1181 1916 se
1223 1847 1478 1930 accepisse
1521 1883 1702 1931 negare
1749 1885 1852 1918 non

106 1962 291 2018 posset,
330 1954 455 2003 nihil
492 1963 661 2004 autem
698 1963 805 2004 erat
841 1954 1174 2019 periculosius
1211 1972 1307 2005 nec
1343 1955 1537 2019 turpius
1587 1973 1740 2020 quam
1790 1959 1854 2008 ad
1881 1969 1942 2000 20

109 2059 258 2106 quam
305 2060 411 2093 rem
460 2043 738 2108 accepisset
784 2044 1026 2104 confiteri,
1067 2061 1171 2094 non
1207 2054 1283 2094 est
1320 2045 1588 2094 consilium
1641 2047 1854 2111 Cethegi

107 2133 595 2195 reprehendendum.
667 2131 748 2186 86.
787 2135 980 2183 Verum
1000 2133 1097 2182 alia
1117 2149 1269 2183 causa
1289 2143 1397 2183 tum
1418 2134 1611 2184 Staieni
1631 2135 1736 2196 fuit,
1758 2135 1854 2185 alia

108 2238 256 2283 nunc,
295 2221 438 2282 Acci,
475 2231 560 2271 tua
597 2230 684 2271 est.
761 2224 853 2272 Ille
890 2239 1005 2272 cum
1040 2239 1092 2273 re
1128 2232 1452 2287 premeretur,
1491 2226 1853 2288 quodcumque

109 2312 311 2372 diceret,
330 2311 591 2361 honestius
609 2311 812 2372 diceret,
831 2328 981 2375 quam
1010 2313 1065 2372 si,
1089 2313 1227 2375 quod
1243 2321 1347 2362 erat
1364 2314 1568 2373 factum,
1592 2315 1825 2363 fateretur
1845 2336 1852 2363 :

109 2410 158 2452 te
192 2417 311 2451 vero
336 2400 461 2451 illud
497 2400 647 2462 idem,
688 2403 828 2464 quod
863 2410 972 2450 tum
998 2403 1259 2466 explosum
1284 2410 1334 2451 et
1358 2401 1575 2451 eiectum
1602 2411 1690 2463 est,
1718 2419 1852 2452 nunc
1880 2414 1938 2463 25

109 2491 355 2542 rettulisse
387 2490 615 2541 demiror.
693 2491 795 2554 Qui
829 2491 964 2541 enim
999 2500 1197 2556 poterat
1230 2500 1337 2541 tum
1371 2491 1423 2540 in
1449 2491 1659 2556 gratiam
1693 2493 1854 2543 redire

110 2597 225 2630 curn
274 2579 560 2644 Oppianico
611 2579 912 2631 Cluentius?
948 2580 1035 2644 qui
1071 2597 1189 2630 cum
1225 2582 1422 2629 matre?
1496 2582 1758 2630 Haerebat
1801 2581 1849 2629 in

111 2669 293 2719 tabulis
317 2669 535 2733 publicis
559 2686 673 2720 reus
698 2679 748 2720 et
772 2679 1061 2720 accusator:
1098 2671 1428 2720 condemnati
1447 2680 1590 2720 erant
1609 2671 1824 2720 Fabricii
1845 2692 1853 2720 ε

110 2774 204 2808 nec
236 2759 365 2808 elabi
397 2758 497 2808 alio
527 2768 818 2809 accusatore
850 2769 1046 2823 poterat
1079 2759 1258 2810 Albius
1290 2776 1386 2810 nec
1431 2759 1536 2810 sine
1579 2760 1853 2825 ignominia

111 2848 389 2897 calumniae
413 2847 693 2911 relinquere
718 2848 1093 2898 accusationem
1121 2847 1400 2899 Cluentius.
1877 2860 1940 2906 30

179 2937 402 2986 XXXII.
447 2935 526 3001 87.
578 2940 659 2986 An
700 2947 754 2987 ut
795 2940 1252 3002 praevaricaretur?
1289 2940 1400 2987 Iarn
1443 2937 1497 2988 id
1540 2954 1743 3002 quoque
1787 2939 1851 2987 ad

114 3026 533 3088 corrumpendum
578 3025 820 3075 iudicium
861 3027 1093 3091 pertinet.
1167 3028 1267 3077 Sed
1311 3027 1436 3090 quid
1474 3043 1601 3091 opus
1642 3036 1744 3077 erat
1786 3029 1850 3076 ad

117 3127 226 3160 earn
251 3129 354 3162 rem
382 3112 548 3162 iudice
575 3118 871 3176 sequestre?
906 3124 956 3164 et
983 3114 1192 3164 omnino
1220 3131 1371 3178 quam
1398 3116 1465 3164 ob
1490 3133 1595 3165 rem
1629 3125 1735 3164 tota
1760 3115 1855 3163 ista

976 3219 1006 3254 c
