2106 3386
202 134 233 183 8
520 131 674 185 PRO
715 134 786 184 A.
830 94 1623 187 CLUENTro‘oRATlo.
1726 135 1852 202 [vn.
1883 151 1944 188 21

200 287 365 335 neque
404 281 664 322 accusator
707 272 879 322 timere
919 290 1088 337 neque
1126 290 1237 323 reus
1279 291 1475 338 sperare
1514 274 1748 337 potuerit,
1788 291 1950 338 pauca

199 360 342 411 vobis
378 360 505 411 illius
543 361 714 411 iudicii
751 361 959 411 crimina
995 379 1273 427 exponam:
1323 363 1502 427 quibus
1539 363 1751 426 cognitis
1798 380 1950 413 nemo

200 460 419 501 vestrum
444 451 701 501 mirabitur
736 451 871 500 illum
915 451 1225 502 diffidentem
1270 454 1417 503 rebus
1454 452 1556 502 suis
1592 454 1658 503 ad
1694 451 1948 503 Staienum

199 549 351 605 atque
376 542 439 590 ad
466 540 729 605 pecuniam
755 541 1053 606 confugisse.

147 647 172 696 5
266 642 350 684 21.
391 631 597 680 Larinas
635 632 883 694 quaedam
921 630 1012 680 fuit
1050 631 1259 692 Dinaea,
1290 648 1458 681 socrus
1497 630 1779 695 Oppianici,
1820 649 1949 696 quae

200 719 328 769 filios
353 719 526 769 habuit
554 720 624 767 M.
654 728 703 768 et
729 721 789 768 N.
822 719 1003 769 Aurios
1026 729 1074 769 et
1101 722 1194 771 Cn.
1222 720 1445 784 Magium
1466 729 1515 770 et
1535 720 1688 769 filiam
1710 720 1948 784 Magiam,

200 818 411 873 nuptam
449 807 748 872 Oppianico.
827 812 896 857 M.
938 809 1119 859 Aurius
1156 811 1563 859 adulescentulus
1599 810 1735 859 bello
1772 810 1951 860 Italico

200 906 375 961 captus
412 899 549 962 apud
586 899 829 947 Asculum
867 897 918 946 in
956 901 1016 961 Q.
1059 898 1196 962 Sergi
1246 898 1502 960 senatoriS,
1542 897 1648 948 eius
1691 898 1777 962 qui
1819 898 1951 949 inter

201 987 404 1038 sicarios
432 989 696 1037 damnatus
724 997 811 1049 est,
840 1005 1020 1037 manus
1046 987 1220 1038 incidit
1247 998 1296 1038 et
1321 988 1456 1052 apud
1482 1005 1598 1038 eum
1623 988 1674 1037 in
1700 991 1950 1056 ergastulo

117 1097 176 1128 10
199 1077 306 1127 fuit.
380 1076 652 1127 Numerius
691 1087 858 1127 autem
897 1076 1079 1126 Aurius
1116 1079 1262 1127 frater
1299 1078 1404 1127 eius
1441 1087 1666 1127 mortuus
1703 1087 1777 1127 est
1813 1078 1951 1128 here-

200 1168 418 1231 demque
469 1169 561 1219 Cn.
604 1166 832 1231 Magium
870 1169 1069 1216 fratrem
1106 1167 1320 1231 reliquit.
1402 1169 1584 1250 qutga
1621 1166 1791 1231 Magia
1827 1183 1952 1227 uxor

201 1256 474 1321 Oppianici
511 1266 710 1306 mortua
748 1266 854 1306 est:
889 1266 1160 1321 postremo,
1200 1274 1328 1306 unus
1364 1257 1450 1321 qui
1485 1256 1705 1321 reliquus
1731 1265 1835 1306 erat
1862 1256 1955 1306 Di-

198 1362 356 1396 naeae
382 1345 526 1407 filius,
553 1348 645 1397 Cn.
676 1345 876 1410 Magius
901 1355 975 1396 est
1000 1356 1239 1396 mortuus.
1317 1349 1368 1395 Is
1393 1347 1625 1409 heredem
1653 1346 1771 1396 feeit
1806 1345 1947 1395 illum

199 1437 572 1486 adulescentem
602 1435 942 1500 Oppianicum
968 1436 1148 1486 sororis
1175 1453 1295 1486 suae
1332 1436 1487 1486 filium
1527 1453 1743 1500 eumque
1778 1435 1948 1500 partiri

115 1542 170 1594 15
199 1542 314 1575 cum
342 1525 539 1576 Dinaea
563 1534 720 1575 matre
746 1525 899 1575 iussit.
991 1525 1197 1574 Interim
1236 1525 1371 1574 venit
1407 1525 1558 1587 index
1595 1527 1661 1575 ad
1699 1523 1947 1574 Dinaeam

199 1632 362 1679 neque
399 1616 640 1666 obscurus
678 1632 842 1680 neque
879 1615 1112 1677 incertus,
1151 1615 1237 1679 qui
1275 1615 1525 1666 nuntiaret
1562 1616 1607 1665 ei
1643 1615 1797 1664 filium
1824 1614 1946 1674 eius,

201 1709 273 1756 M.
315 1705 536 1766 Aurium,
579 1706 744 1756 vivere
783 1716 832 1756 et
859 1706 910 1754 in
949 1722 1067 1771 agro
1110 1704 1309 1755 Gallico
1348 1723 1458 1756 esse
1483 1705 1533 1754 in
1573 1704 1820 1756 servitute.
1859 1715 1944 1758 22.

201 1796 385 1846 Mulier
421 1795 614 1845 amissis
651 1796 817 1845 liberis
854 1813 968 1844 cum
1005 1795 1152 1844 unius
1189 1795 1500 1859 reciperandi
1539 1794 1626 1844 filii
1665 1811 1780 1859 spes
1817 1803 1948 1844 esset

198 1894 460 1946 ostentata,
511 1902 688 1935 omnes
744 1902 860 1935 suos
920 1884 1232 1949 propinquos
1281 1885 1468 1949 filiique
1516 1884 1591 1934 sui
1639 1884 1949 1934 necessarios

113 1993 175 2025 20
198 1975 495 2025 convocavit
534 1983 582 2024 et
626 1976 689 2024 ab
729 1974 801 2024 eis
842 1975 965 2024 flens
1005 1974 1195 2038 petivit,
1224 1983 1278 2023 ut
1321 1973 1577 2038 negotium
1622 1973 1945 2038 susciperent,

198 2066 570 2115 adulescentem
595 2064 966 2129 investigarent,
994 2064 1088 2113 sibi
1112 2063 1428 2113 restituerent
1453 2080 1570 2113 eum
1596 2065 1768 2123 filium,
1796 2079 1944 2127 quem

199 2164 366 2204 tamen
392 2171 549 2203 unum
576 2171 635 2204 ex
660 2154 825 2203 multis
852 2155 1051 2204 fortuna
1070 2153 1316 2217 reliquum
1337 2170 1445 2203 esse
1472 2152 1723 2202 voluisset.
1800 2154 1946 2202 Haec

198 2262 312 2295 cum
351 2261 496 2309 agere
539 2244 849 2305 instituisset,
895 2261 1134 2309 oppressa
1182 2246 1359 2294 morbo
1397 2252 1483 2294 est.
1577 2246 1756 2306 Itaque
1801 2252 1946 2292 testa-

199 2345 424 2385 mentum
469 2335 588 2385 fecit
614 2334 720 2385 eius
746 2335 902 2395 modi,
940 2345 995 2384 ut
1039 2334 1109 2384 illi
1147 2334 1250 2384 filio
1289 2336 1378 2384 HS
1416 2348 1545 2384 cccc
1581 2332 1720 2382 milia
1743 2334 1944 2398 legaret,

113 2443 136 2474 2
146 2440 171 2490 5
198 2425 434 2475 heredem
494 2425 772 2476 institueret
820 2427 1038 2475 eundem
1095 2425 1231 2474 illum
1290 2424 1645 2489 Oppianicum,
1707 2432 1943 2487 nepotem

198 2532 357 2565 suum.
448 2517 620 2579 Atque
669 2515 746 2565 his
795 2515 972 2565 diebus
1021 2515 1193 2579 paucis
1243 2524 1318 2564 est
1368 2523 1576 2563 mortua.
1670 2512 1946 2577 Propinqui

197 2615 366 2655 tamen
415 2604 500 2666 illi,
553 2622 704 2669 quem
753 2606 817 2654 ad
867 2605 1073 2654 modum
1111 2603 1222 2653 viva
1260 2605 1456 2653 Dinaea
1493 2602 1823 2663 instituerant,
1874 2601 1944 2651 ita

197 2704 393 2745 mortua
435 2694 519 2744 illa
561 2696 626 2744 ad
668 2693 1070 2757 investigandum
1115 2696 1184 2742 M.
1233 2692 1442 2742 Aurium
1487 2708 1601 2741 cum
1641 2691 1822 2742 eodem
1857 2690 1944 2740 illo

196 2785 362 2834 indice
388 2784 440 2833 in
464 2801 635 2848 agrum
662 2784 913 2834 Gallicum
942 2783 1153 2846 profecti
1175 2791 1304 2831 sunt.
1325 2815 1345 2839 μ.

107 2889 172 2935 30
264 2877 413 2924 VIII.
453 2885 536 2939 23.
577 2874 783 2924 Interim
829 2873 1154 2937 Oppianicus,
1205 2882 1258 2921 ut
1307 2880 1425 2931 erat,
1478 2870 1626 2920 sicuti
1670 2887 1731 2920 ex
1773 2869 1943 2920 multis

195 2965 340 3015 rebus
376 2964 642 3028 reperietis,
684 2963 917 3028 singulari
954 2964 1138 3013 scelere
1177 2971 1225 3011 et
1272 2960 1498 3022 audacia,
1550 2976 1638 3024 per
1686 2959 1939 3023 quendam

197 3053 529 3115 Gallicanum,
557 3053 846 3104 familiarem
875 3069 1035 3115 suum,
1062 3052 1276 3116 primum
1304 3051 1444 3099 illum
1482 3049 1700 3099 indicem
1726 3047 1942 3113 pecunia

195 3144 414 3209 corrupit
438 3165 447 3195 z
486 3143 669 3195 deinde
708 3143 870 3208 ipsum
912 3146 979 3192 M.
1023 3141 1231 3192 Aurium
1258 3158 1360 3190 non
1387 3156 1568 3205 magna
1594 3141 1783 3189 iactura
1807 3139 1940 3188 facta
