2106 3386
74 150 154 189 IX.
185 137 277 204 25]
387 137 541 189 PRO
584 137 650 188 A.
697 137 1113 190 CLUENTIO
1156 137 1485 190 ORATIO.
1778 154 1813 203 9

72 276 348 325 tollendum
385 276 887 340 interficiendumque
923 278 1125 325 curavit.
1201 277 1281 324 Illi
1318 286 1500 336 autem,
1541 278 1626 339 qui
1674 287 1814 326 erant

70 367 136 415 ad
184 365 520 430 propinquum
580 365 980 429 investigandum
1040 374 1090 414 et
1148 366 1528 429 reciperandum
1587 365 1811 428 profecti,

69 453 255 503 litteras
282 455 517 502 Larinum
543 454 608 503 ad
632 453 814 503 Aurios
850 453 983 502 illius
1020 454 1362 503 adulescentis·
1393 470 1610 516 suosque
1647 469 1815 503 neces-

72 544 225 592 sarios
248 526 465 603 mittunt,
494 542 589 592 sibi
615 543 867 592 difficilem
894 559 1001 592 esse
1027 543 1363 607 investigandi
1387 545 1647 603 rationem,
1675 543 1814 606 quod

69 631 412 696 intellegerent
447 631 667 682 indicem
704 634 766 681 ab
817 631 1103 695 Oppianico
1140 648 1249 682 esse
1297 642 1598 696 corruptum.
1675 633 1814 694 Quas

68 722 255 771 litteras
291 724 352 770 A.
380 721 578 781 Aurius,
607 721 678 770 vir
702 720 840 770 fortis
865 731 914 770 et
939 723 1195 785 experiens
1222 730 1270 770 et
1291 721 1430 771 dorni
1454 720 1638 771 nobilis
1664 730 1712 770 et
1738 722 1808 769 M.

67 810 197 859 illius
232 812 353 859 Auri
389 810 803 874 perpropinquus,
832 809 883 858 in
921 811 1042 871 foro,
1071 812 1250 874 palam,
1273 810 1442 859 multis
1478 808 1812 869 audientibus,

70 915 181 949 cum
208 901 406 949 adesset
432 900 758 964 Oppianicus,
798 901 972 949 recitat
996 910 1044 950 et
1069 899 1346 949 clarissima
1370 917 1495 950 voce
1536 917 1588 949 se
1627 917 1810 949 nomen

69 988 350 1053 Oppianici,
362 991 401 1037 si
418 988 730 1038 interfectum
742 992 811 1038 M.
831 989 1041 1039 Aurium
1059 1006 1166 1039 esse
1182 988 1520 1053 comperisset,
1534 990 1813 1038 delaturum

69 1095 176 1128 esse
195 1087 413 1128 testatur.
475 1089 557 1143 24.
599 1078 806 1128 Interim
816 1079 953 1128 brevi
974 1088 1197 1142 tempore
1215 1079 1297 1139 illi,
1312 1081 1396 1142 qui
1418 1087 1556 1128 erant
1575 1078 1625 1126 in
1642 1095 1811 1142 agrum

67 1168 315 1218 Gallicum
340 1169 565 1231 profecti,
595 1167 831 1217 Larinum
859 1177 1200 1217 revertuntur:
1236 1168 1551 1218 interfectum
1589 1184 1699 1217 esse
1738 1169 1810 1216 M.

66 1256 275 1306 Aurium
324 1257 625 1307 renuntiant.
696 1259 866 1306 Animi
908 1273 1012 1306 non
1057 1259 1217 1307 solum
1262 1257 1670 1321 propinquorum,
1723 1257 1813 1306 sed

63 1345 213 1395 etiam
239 1347 464 1395 omnium
492 1346 797 1395 Larinatium
823 1348 943 1396 odio
965 1346 1235 1410 Oppianici
1256 1355 1306 1395 et
1327 1346 1454 1395 illius
1476 1345 1813 1395 adulescentis

65 1434 404 1484 misericordia
427 1444 820 1485 commoventur.
896 1438 1074 1499 Itaque
1112 1453 1226 1484 curn
1252 1436 1446 1496 Aurius,
1476 1435 1516 1485 is
1542 1435 1628 1499 qui
1665 1444 1813 1485 antea

64 1524 396 1585 denuntiarat,
442 1526 661 1575 clamore
704 1525 962 1575 hominem
1007 1543 1065 1575 ac
1109 1525 1254 1575 minis
1304 1527 1499 1589 insequi
1547 1528 1808 1589 coepisset,

67 1615 248 1664 Larino
273 1616 491 1678 profugit
516 1624 565 1665 et
590 1632 643 1665 se
668 1615 719 1663 in
744 1626 905 1665 castra
929 1615 1186 1665 clarissimi
1210 1616 1314 1677 viri,
1356 1617 1419 1678 Q.
1450 1616 1658 1677 Metelli,
1697 1633 1812 1665 con-

65 1705 188 1753 tulit.
261 1713 342 1769 25.
384 1706 502 1754 Post
544 1705 678 1753 illam
704 1715 870 1754 autem
897 1706 1062 1769 fugam
1096 1714 1144 1754 et
1170 1706 1367 1755 sceleris
1398 1714 1448 1754 et
1473 1704 1810 1754 conscientiae

65 1802 242 1843 testem
279 1811 554 1859 numquam
592 1811 644 1844 se
692 1795 903 1855 iudiciis,
953 1812 1227 1859 numquam
1258 1795 1483 1859 legibus,
1535 1812 1808 1859 numquam

64 1882 308 1945 inermum
334 1883 548 1933 inimicis
574 1886 887 1934 committere
911 1901 1058 1934 ausus
1085 1894 1172 1944 est,
1196 1886 1285 1934 sed
1305 1902 1391 1948 per
1410 1884 1544 1932 illam
1566 1887 1620 1933 L.
1645 1886 1810 1935 Sullae

65 1973 161 2022 vim
187 1982 336 2037 atque
362 1973 616 2023 victoriam
657 1975 891 2024 Larinum
918 1975 969 2023 in
996 1991 1193 2024 summo
1219 1974 1396 2027 timore
1433 1977 1658 2024 omnium
1695 1992 1808 2024 cum

63 2063 262 2112 armatis
305 2063 587 2113 advolavit:
637 2064 1019 2128 quattuorvir08‚
1071 2082 1197 2128 quos
1246 2065 1524 2129 municipes
1573 2067 1806 2128 fecerant,

61 2152 285 2202 sustulit:
323 2169 376 2218 se
415 2155 620 2206 acflulla
663 2163 711 2203 et
750 2164 850 2209 tres
889 2163 1144 2218 praeterea
1183 2156 1344 2204 factos
1383 2172 1491 2205 esse
1519 2155 1642 2205 dixit
1667 2165 1718 2205 et
1744 2158 1808 2205 ab

63 2242 242 2291 eodem
269 2241 365 2291 sibi
392 2259 500 2292 esse
539 2242 850 2307 imperatum,
890 2254 944 2293 ut
981 2245 1192 2294 Aurium
1229 2244 1384 2304 illum,
1425 2244 1510 2307 qui
1547 2244 1641 2294 sibi
1678 2246 1809 2294 dela-

59 2329 248 2381 tionem
289 2332 506 2382 nominis
548 2342 598 2382 et
641 2333 815 2397 capitis
858 2333 1135 2397 periculum
1179 2343 1465 2394 ostentarat,
1509 2343 1559 2383 et
1596 2335 1807 2383 alterum

61 2420 271 2470 Aurium
309 2430 359 2470 et
396 2421 501 2471 eius
539 2424 593 2471 L.
635 2421 791 2471 filium
828 2432 877 2472 et
914 2425 1022 2473 Sex.
1064 2423 1286 2483 Vibium,
1326 2440 1427 2486 quo
1465 2432 1719 2486 sequestre
1755 2423 1806 2472 in

59 2507 146 2558 illo
182 2509 348 2560 indice
385 2514 757 2575 corrumpendo
792 2512 1052 2563 dicebatur
1089 2530 1197 2563 esse
1233 2530 1366 2574 usus,
1419 2514 1807 2576 proscribendos

59 2599 528 2665 interficiendosque
554 2611 758 2652 curaret.
836 2604 1015 2666 Itaque
1042 2602 1137 2652 illis
1162 2602 1500 2653 crudelissime
1538 2603 1807 2653 interfectis

61 2704 164 2739 non
210 2690 451 2740 mediocri
497 2693 561 2740 ab
611 2709 672 2741 eo
719 2693 871 2747 ceteri
918 2691 1294 2755 proscriptionis
1355 2700 1404 2741 et
1451 2693 1623 2741 mortis
1670 2701 1807 2741 metu

61 2779 372 2829 tenebantur.
447 2782 544 2829 His
571 2782 721 2830 rebus
747 2781 797 2829 in
823 2797 973 2830 causa
997 2781 1286 2844 iudicioque
1312 2781 1570 2844 patefactis
1596 2780 1707 2844 quis
1733 2791 1806 2830 est

62 2867 147 2930 qui
171 2867 310 2917 illum
337 2869 528 2918 absolvi
553 2869 775 2932 potuisse
800 2869 1096 2920 arbitretur?
1748 2934 1750 2938 ,

130 2959 220 3006 IX.
261 2960 428 3020 Atque
464 2959 587 3007 haec
623 2976 771 3022 parva
817 2969 960 3008 sunt:
1009 2958 1297 3023 cognoscite
1346 2959 1548 3022 reliqua,
1600 2969 1654 3007 ut
1702 2975 1804 3008 non

59 3044 330 3113 aliquando
370 3046 759 3097 condemnatum
800 3065 909 3098 esse
953 3048 1307 3112 Oppianicum,
1350 3048 1437 3098 sed
1476 3049 1692 3110 aliquam
1717 3049 1803 3097 diu

62 3134 364 3186 incolumem
391 3139 540 3186 fuisse
569 3137 827 3187 miremini.

1841 1099 1901 1129 10

1840 1544 1894 1593 Ῑ5

1836 1992 1898 2024 20

1829 2884 1893 2929 30
