2106 3386
141 118 309 164 LXXI.
338 105 468 172 202]
572 105 726 157 PRO
770 103 836 154 A.
879 101 1295 155 CLUENTIO
1337 102 1663 156 ORATIO.
1815 115 1882 169 77

139 246 225 295 tris
250 243 499 294 r'nentibus
525 242 787 306 repudiare
814 241 1023 302 debetis,
1053 258 1117 290 ne
1144 241 1442 304 Oppianico,
1462 241 1651 290 homini
1679 242 1882 301 nefario,

141 334 481 382 condemnato
518 334 618 380 iam
645 340 693 380 et
717 338 930 390 mortuo,
959 329 1273 378 condonetis.

210 403 418 470 LXXI.x
439 421 591 483 Quod
618 419 660 468 si
678 436 776 482 qua
795 417 1053 467 calamitas
1073 419 1208 465 hunc
1232 417 1283 466 in
1304 418 1403 467 hoc
1420 417 1607 468 iudicio
1646 418 1890 467 adflixerit

142 509 484 570 innocentem,
511 525 576 557 ne
603 508 697 556 iste
733 505 896 567 miser,
925 506 980 566 si,
1008 506 1061 555 id
1101 507 1240 569 quod
1283 505 1485 556 difficile
1527 507 1663 555 factu
1706 515 1795 567 est,
1838 506 1889 554 in

142 598 244 646 vita
279 596 573 657 remanebit,
601 612 750 658 saepe
789 602 839 643 et
865 595 1078 643 multum
1106 605 1340 658 queretur
1376 596 1744 658 deprehensum
1780 611 1890 644 esse
1949 618 1973 666 5

142 684 265 734 illud
309 685 571 748 quondam
609 684 961 734 Fabricianum
986 699 1253 732 venenum.
1330 685 1486 746 Quod
1510 683 1551 732 si
1575 692 1683 732 tum
1707 682 1893 733 indica-

146 783 254 823 tum
280 790 385 823 non
411 783 557 834 esset,
577 790 681 823 non
700 774 817 823 huic
842 772 1279 823 aerumnosissimo
1294 789 1545 823 venenum
1563 774 1688 823 illud
1706 773 1891 834 fuisset,

146 864 237 912 sed
285 864 558 912 multorum
606 863 1032 913 medicamentum
1080 879 1392 912 maerorum:
1452 873 1708 927 postremo
1744 863 1895 913 etiam

145 951 369 1001 fortassis
395 960 555 1001 mater
579 953 842 1016 exsequias
867 952 998 1001 illius
1022 953 1209 1001 funeris
1247 961 1512 1015 prosecuta
1547 962 1759 1002 mortem
1798 951 1892 1019 [se]

146 1041 234 1090 filii
259 1042 429 1106 lugere
455 1041 748 1092 simulasset.
824 1044 978 1092 Nunc
1002 1059 1119 1092 vero
1144 1042 1265 1105 quid
1285 1042 1375 1091 erit
1400 1044 1693 1105 profectum,
1720 1043 1817 1091 nisi
1840 1053 1896 1092 ut
1923 1061 1982 1092 10

146 1130 294 1179 huius
330 1146 391 1180 ex
427 1130 610 1180 mediis
648 1131 824 1180 mortis
867 1130 1063 1181 insidiis
1099 1130 1200 1179 vita
1246 1132 1312 1180 ad
1348 1133 1539 1180 luctum
1587 1141 1894 1191 conservata,

149 1235 283 1268 mors
321 1220 552 1282 sepulcro
588 1220 741 1283 patris
783 1220 976 1284 privata
1010 1236 1120 1269 esse
1145 1219 1408 1270 videatur?
1475 1231 1593 1275 202.
1644 1221 1772 1272 Satis
1809 1221 1895 1271 diu

152 1308 246 1357 fuit
270 1307 322 1356 in
347 1307 573 1370 miseriis,
601 1309 794 1359 iudices
819 1330 828 1359 :
866 1309 984 1359 satis
1010 1311 1194 1359 multos
1218 1327 1378 1359 annos
1414 1326 1476 1359 ex
1500 1309 1687 1360 invidia
1710 1312 1900 1360 labora-

148 1395 232 1445 vit.
308 1398 478 1446 Nemo
504 1396 622 1445 huic
647 1406 752 1446 tam
778 1399 980 1461 iniquus
1004 1407 1201 1461 praeter
1218 1407 1477 1462 parentem
1502 1398 1605 1459 fuit,
1626 1398 1769 1447 cuius
1794 1415 1898 1448 non

152 1484 375 1534 animum
413 1484 514 1534 iam
553 1487 813 1549 expletum
851 1503 958 1536 esse
995 1496 1242 1549 putemus.
1317 1489 1438 1547 Vos,
1477 1487 1563 1551 qui
1599 1487 1747 1550 aequi
1782 1487 1900 1536 estis
1927 1501 1981 1549 15

151 1574 402 1635 omnibus,
431 1572 534 1636 qui,
563 1583 619 1622 ut
643 1574 857 1638 quisque
882 1574 1222 1624 crudelissime
1258 1585 1588 1639 oppugnatur,
1616 1592 1730 1625 eum
1756 1575 1901 1624 lenis-

151 1660 275 1710 sime
323 1661 604 1721 sublevatiS,
645 1671 938 1711 conservate
974 1665 1034 1710 A.
1075 1661 1396 1712 Cluentium:
1433 1662 1675 1712 restituite
1711 1662 1899 1711 incolu-

153 1764 285 1797 mem
324 1747 631 1812 municipio:
680 1749 867 1811 amicis,
907 1749 1101 1810 vicinis,
1138 1750 1433 1814 hospitibus,
1472 1767 1687 1814 quorum
1735 1750 1901 1799 studia

151 1835 347 1899 videtis,
374 1837 601 1886 reddite:
626 1838 771 1887 vobis
796 1838 847 1887 in
872 1848 1169 1902 perpetuum
1194 1838 1464 1902 liberisque
1488 1838 1664 1888 vestris
1690 1838 1902 1889 obstrin-

153 1924 268 1989 gite.
343 1927 580 1974 Vestrum
608 1934 683 1974 est
707 1927 820 1987 hoe,
849 1926 1052 1988 iudices,
1081 1935 1273 1976 vestrae
1299 1926 1568 1990 dignitatis,
1589 1935 1781 1976 vestrae
1806 1929 1901 1976 cle·
1928 1945 1987 1975 20

158 2012 378 2062 mentiae
399 2033 410 2063 ε
446 2023 582 2063 recte
606 2014 704 2063 hoc
730 2016 969 2078 repetitur
991 2033 1021 2064 a
1044 2015 1202 2076 vobiS,
1229 2025 1283 2064 ut
1297 2015 1458 2064 virum
1483 2015 1728 2079 optimum
1751 2025 1903 2079 atque

155 2099 622 2150 innocentissimum
671 2102 1002 2166 plurimisque
1050 2104 1343 2152 mortalibus
1395 2105 1705 2152 carissimum
1748 2113 1902 2167 atque

156 2186 574 2238 iucundissimum
601 2189 677 2239 his
703 2191 978 2254 aliquando
1002 2191 1371 2241 calamitatibus
1388 2193 1624 2252 liberetis,
1645 2201 1699 2240 ut
1725 2208 1901 2241 omnes

158 2278 448 2341 intellegant
487 2281 538 2327 in
586 2281 910 2330 contionibus
961 2298 1069 2330 esse
1117 2280 1335 2330 invidiae
1383 2282 1564 2341 locum,
1607 2280 1658 2329 in
1706 2280 1902 2330 iudiciis

158 2375 364 2415 veritatl.
