2106 3386
82 159 135 199 x.
168 145 258 214 30]
395 145 548 198 PRo
592 145 658 197 A.
701 142 1118 198 cLUENT1o
1162 121 1489 197 oRArlo.
1757 106 1811 193 1'1

79 285 349 336 sceleribus
385 287 599 334 breviter
635 302 664 333 a
700 301 781 334 me
818 284 1173 334 demonstratis
1198 284 1520 332 vehementer
1556 298 1665 331 esse
1691 297 1823 330 com-

79 384 258 424 motos.
334 376 450 436 Quo
491 374 694 422 tandem
738 372 887 436 igitur
926 372 1095 422 animo
1141 373 1290 421 fuisse
1339 372 1451 420 illos
1499 369 1820 429 arbitramini,

78 463 256 527 quibus
292 463 368 511 his
405 463 468 511 de
505 464 651 511 rebus
688 478 791 510 non
816 465 971 512 modo
997 462 1305 511 audiendum
1332 459 1437 520 fuit,
1463 476 1634 508 verum
1671 457 1822 508 etiam

4 620 9 622 ⁷
76 552 438 602 iudicandum?
475 555 581 601 Vos
605 551 785 601 auditis
812 552 874 602 de
901 570 977 613 eo,
1006 552 1056 600 in
1083 568 1233 615 quem
1261 550 1450 600 iudices
1476 566 1576 600 non
1599 548 1729 609 estis,
1758 549 1823 599 de

73 659 147 703 eo,
187 658 336 705 quem
372 658 474 690 non
511 642 706 700 videtis,
745 640 806 690 de
845 659 919 702 eo,
949 658 1102 705 quem
1128 641 1294 690 odisse
1321 641 1420 688 iam
1447 655 1550 688 non
1578 637 1808 703 potestis,

79 732 143 780 de
169 747 245 792 eo,
273 729 360 793 qui
386 739 436 779 et
461 739 666 778 naturae
691 737 741 778 et
765 731 960 794 legibus
985 732 1102 780 satis
1130 732 1262 789 fecit,
1290 746 1441 793 quem
1465 730 1599 792 leges
1626 728 1819 788 exsilio,

79 830 252 870 natura
293 829 452 869 morte
492 821 750 869 multavit:
787 820 970 870 auditis
1011 836 1114 869 non
1157 821 1219 869 ab
1246 818 1465 879 inimico,
1495 818 1678 867 auditis
1716 816 1822 866 sine

79 911 300 970 testibus,
351 909 547 970 auditis,
600 926 715 958 cum
763 926 835 970 ea,
888 926 1016 972 quae
1065 907 1411 971 copiosissime
1447 906 1548 956 dici
1595 914 1822 970 possunt,

78 998 289 1050 breviter
330 1015 360 1047 a
401 1016 481 1048 me
520 999 828 1062 strictimque
873 998 1120 1048 dicuntur.
1197 996 1279 1047 Illi
1320 997 1594 1046 audiebant
1637 996 1702 1045 de
1743 1011 1819 1055 eo,

13 1137 15 1140 Α
80 1089 143 1138 de
169 1105 271 1151 quo
307 1086 452 1136 iurati
478 1087 749 1137 sententias
785 1090 910 1136 ferre
937 1088 1206 1148 debebant,
1234 1087 1298 1137 de
1325 1103 1400 1147 eo,
1430 1085 1570 1135 cuius
1597 1101 1823 1149 praesen-

81 1176 140 1226 tis
165 1176 408 1225 nefarium
435 1185 483 1225 et
508 1178 902 1225 consceleratum
924 1176 1114 1225 voltum
1134 1175 1467 1234 intuebantur,
1490 1176 1555 1224 de
1572 1191 1648 1234 eo,
1672 1190 1823 1237 quem

81 1282 255 1316 omnes
281 1268 492 1316 oderant
516 1275 718 1330 propter
742 1266 1019 1326 audaciam,
1046 1267 1110 1316 de
1137 1283 1214 1325 eo,
1242 1282 1390 1329 quem
1418 1266 1554 1314 omni
1579 1262 1824 1328 supplicio

82 1354 290 1419 dignum
333 1372 440 1404 esse
479 1357 761 1405 ducebant:
799 1356 1072 1404 audiebant
1109 1354 1173 1403 ab
1223 1351 1608 1412 accusatoribus,
1660 1351 1826 1400 audie-

84 1444 203 1493 bant
227 1445 376 1494 verba
403 1445 671 1493 multorum
699 1446 913 1504 testium,
942 1443 1227 1503 audiebant,
1257 1459 1373 1491 cum
1398 1458 1497 1490 una
1522 1457 1722 1505 quaque
1759 1441 1823 1489 de

80 1551 131 1583 re
173 1552 202 1582 a
245 1536 298 1583 P.
342 1536 612 1595 Cannutio,
658 1534 863 1584 homine
906 1531 1336 1597 eloquentissimo,
1382 1530 1592 1595 graviter
1640 1540 1688 1579 et
1737 1529 1822 1578 diu

81 1622 342 1672 diceretur.
417 1635 498 1687 30.
539 1625 603 1672 Et
646 1632 720 1672 est
763 1625 1028 1686 quisquam
1071 1622 1156 1685 qui
1198 1637 1314 1669 cum
1354 1620 1479 1670 haec
1514 1620 1822 1683 cognoverit,

22 1710 26 1716 ⁴
83 1712 319 1776 suspicari
343 1712 501 1776 possit
527 1713 864 1776 Oppianicum
890 1713 1074 1761 iudicio
1101 1727 1397 1774 oppressum
1435 1719 1484 1759 et
1520 1711 1826 1758 circumven-

85 1811 191 1852 tum
215 1818 326 1851 esse
350 1800 673 1851 innocentem
694 1804 716 1850 ?
1252 1855 1256 1857 ,

151 1893 437 1941 Acervatim
484 1893 583 1956 iam
631 1893 833 1955 reliqua,
878 1892 1082 1951 iudices,
1136 1891 1315 1951 dicam,
1366 1898 1421 1938 ut
1468 1890 1534 1938 ad
1583 1904 1655 1949 ea,
1697 1904 1828 1951 quae

83 1984 315 2046 propiora
338 1983 544 2031 huiusce
570 1998 749 2031 causae
781 1990 830 2031 et
866 1981 1182 2030 adiunctiora
1208 1988 1337 2039 sunt,
1364 1980 1651 2042 perveniam
1674 1997 1684 2026 :
1722 1994 1824 2037 vos,

87 2087 287 2134 quaeso,
339 2073 582 2120 memoria
629 2072 839 2120 teneatis
886 2087 990 2120 non
1033 2069 1155 2118 mihi
1194 2070 1292 2118 hoc
1341 2085 1449 2118 esse
1498 2066 1824 2131 propositum,

86 2169 404 2233 ut—agcusem
441 2161 779 2225 Oppianicum
816 2168 1081 2218 mortuum,
1124 2160 1213 2208 sed
1250 2175 1364 2207 cum
1399 2159 1496 2207 hoc
1529 2157 1828 2220 persuadere

88 2251 227 2300 vobis
260 2245 439 2311 velim,
463 2252 701 2300 iudicium
745 2252 808 2299 ab
851 2252 949 2300 hoc
987 2267 1090 2299 non
1128 2265 1236 2298 esse
1269 2257 1571 2311 corruptum,
1617 2247 1714 2295 hoc
1745 2248 1829 2316 Q

89 2340 227 2388 initio
284 2356 344 2388 ac
401 2339 731 2389 fundamento
786 2341 1109 2400 defensionis,
1171 2337 1510 2402 Oppianicum
1571 2337 1829 2385 hominem

87 2427 520 2478 sceleratissimum
581 2439 629 2478 et
685 2428 1098 2478 nocentissimum
1145 2445 1256 2478 esse
1312 2428 1620 2476 damnatum.
1727 2425 1830 2487 Qui

88 2519 227 2568 uxori
275 2535 394 2568 suae
441 2520 719 2578 Cluentiae,
763 2535 892 2582 quae
940 2517 1090 2567 amita
1131 2516 1278 2566 huius
1328 2514 1508 2565 Habiti
1567 2516 1670 2575 fuit,
1716 2531 1828 2563 cum

88 2606 194 2674 ipse
226 2609 464 2671 poculum
501 2608 733 2669 dedisset,
771 2609 936 2657 subito
970 2607 1054 2655 illa
1090 2608 1140 2654 in
1174 2606 1340 2655 media
1381 2603 1589 2668 potione
1622 2605 1831 2653 exclam-

89 2698 188 2746 avit
233 2714 284 2746 se
327 2699 547 2746 maximo
587 2714 703 2746 cum
741 2698 914 2747 dolore
949 2696 1138 2746 emori:
1176 2712 1271 2745 nec
1313 2695 1497 2744 diutius
1522 2693 1641 2742 vixit
1678 2689 1830 2782 qfi‘arn

91 2787 255 2836 locuta
281 2795 382 2835 est:
418 2803 534 2836 nam
559 2788 609 2835 in
635 2789 747 2850 ipso
778 2803 1009 2836 sermone
1035 2789 1133 2835 hoc
1159 2795 1208 2834 et
1244 2780 1598 2834 vociferatione
1635 2762 1832 2832 mortua

91 2886 177 2926 est.
275 2879 338 2925 Et
385 2877 450 2925 ad
495 2878 628 2925 hanc
675 2885 887 2926 mortem
930 2878 1257 2940 repentinam
1280 2891 1531 2937 vocesque
1573 2875 1831 2922 morientis

90 2965 260 3014 omnia
295 2973 563 3028 praeterea,
592 2981 721 3027 quae
758 2966 920 3015 solent
958 2983 1066 3014 esse
1091 2966 1277 3015 indicia
1309 2973 1358 3014 et
1395 2965 1598 3027 vestigia
1635 2964 1830 3023 veneni,

91 3053 140 3101 in
176 3053 305 3104 illius
351 3061 578 3103 mortuae
626 3069 833 3117 corpore
882 3055 1092 3104 fuerunt.
1183 3054 1479 3117 Eodemque
1528 3069 1724 3102 veneno
1772 3053 1829 3103 C.

69 3142 429 3213 ‘Oppianicum
455 3145 651 3194 fratrem
678 3145 883 3194 necavit.
910 3193 938 3228 x)

1853 1103 1912 1133 10

1853 1993 1915 2025 20

1855 2438 1913 2487 25

1856 2887 1919 2933 30
