<?xml version="1.0" encoding="UTF-8"?>
<!DOCTYPE html PUBLIC "-//W3C//DTD XHTML 1.0 Transitional//EN"
    "http://www.w3.org/TR/xhtml1/DTD/xhtml1-transitional.dtd">
<html xmlns="http://www.w3.org/1999/xhtml" xml:lang="en" lang="en">
 <head>
  <title>
</title>
<meta http-equiv="Content-Type" content="text/html;charset=utf-8" />
  <meta name='ocr-system' content='tesseract 3.04.00' />
  <meta name='ocr-capabilities' content='ocr_page ocr_carea ocr_par ocr_line ocrx_word'/>
</head>
<body>
  <div class='ocr_page' id='page_1' title='image "1887proacluentioo00cice_0098.png"; bbox 0 0 2106 3386; ppageno 0'>
   <div class='ocr_carea' id='block_1_1' title="bbox 282 162 2025 230">
    <p class='ocr_par' dir='ltr' id='par_1_1' title="bbox 282 162 2025 230">
     <span class='ocr_line' id='line_1_1' title="bbox 282 162 2025 230; baseline 0.002 -18"><span class='ocrx_word' id='word_1_1' title='bbox 282 178 349 229; x_wconf 85' lang='lat'>34</span> <span class='ocrx_word' id='word_1_2' title='bbox 536 162 690 215; x_wconf 89' lang='lat' dir='ltr'>PRO</span> <span class='ocrx_word' id='word_1_3' title='bbox 732 163 801 215; x_wconf 89' lang='lat' dir='ltr'>A.</span> <span class='ocrx_word' id='word_1_4' title='bbox 846 162 1266 215; x_wconf 89' lang='lat' dir='ltr'>CLUENTIO</span> <span class='ocrx_word' id='word_1_5' title='bbox 1311 162 1638 216; x_wconf 88' lang='lat' dir='ltr'><strong>ORATIO.</strong></span> <span class='ocrx_word' id='word_1_6' title='bbox 1711 162 2025 230; x_wconf 84' lang='lat' dir='ltr'>[XXX11.88</span> 
     </span>
    </p>
   </div>
   <div class='ocr_carea' id='block_1_2' title="bbox 278 302 2024 456">
    <p class='ocr_par' dir='ltr' id='par_1_2' title="bbox 278 302 2024 456">
     <span class='ocr_line' id='line_1_2' title="bbox 278 302 2024 367; baseline 0.001 -16"><span class='ocrx_word' id='word_1_7' title='bbox 278 319 355 352; x_wconf 91' lang='lat' dir='ltr'>res</span> <span class='ocrx_word' id='word_1_8' title='bbox 391 319 480 367; x_wconf 85' lang='lat' dir='ltr'>per</span> <span class='ocrx_word' id='word_1_9' title='bbox 516 302 773 352; x_wconf 83' lang='lat' dir='ltr'><strong>Staienum</strong></span> <span class='ocrx_word' id='word_1_10' title='bbox 811 302 991 365; x_wconf 87' lang='lat' dir='ltr'>potius,</span> <span class='ocrx_word' id='word_1_11' title='bbox 1022 302 1280 351; x_wconf 89' lang='lat' dir='ltr'>hominem</span> <span class='ocrx_word' id='word_1_12' title='bbox 1308 303 1371 350; x_wconf 92' lang='lat' dir='ltr'>ab</span> <span class='ocrx_word' id='word_1_13' title='bbox 1398 311 1614 365; x_wconf 92' lang='lat' dir='ltr'>utroque</span> <span class='ocrx_word' id='word_1_14' title='bbox 1649 302 2024 366; x_wconf 88' lang='lat' dir='ltr'>alienissimum,</span> 
     </span>
     <span class='ocr_line' id='line_1_3' title="bbox 281 391 2023 456; baseline -0.001 -15"><span class='ocrx_word' id='word_1_15' title='bbox 281 392 693 452; x_wconf 88' lang='lat' dir='ltr'>sordidissimum,</span> <span class='ocrx_word' id='word_1_16' title='bbox 722 391 1079 455; x_wconf 88' lang='lat' dir='ltr'>turpissimum,</span> <span class='ocrx_word' id='word_1_17' title='bbox 1109 408 1262 455; x_wconf 88' lang='lat' dir='ltr'>quam</span> <span class='ocrx_word' id='word_1_18' title='bbox 1287 407 1376 454; x_wconf 94' lang='lat' dir='ltr'>per</span> <span class='ocrx_word' id='word_1_19' title='bbox 1401 392 1596 440; x_wconf 80' lang='lat' dir='ltr'>bonurri</span> <span class='ocrx_word' id='word_1_20' title='bbox 1619 393 1839 456; x_wconf 85' lang='lat' dir='ltr'>aliquem</span> <span class='ocrx_word' id='word_1_21' title='bbox 1863 392 2023 441; x_wconf 90' lang='lat' dir='ltr'>virum</span> 
     </span>
    </p>
   </div>
   <div class='ocr_carea' id='block_1_3' title="bbox 281 482 2106 548">
    <p class='ocr_par' dir='ltr' id='par_1_3' title="bbox 281 482 2106 548">
     <span class='ocr_line' id='line_1_4' title="bbox 281 482 2106 548; baseline 0 -15"><span class='ocrx_word' id='word_1_22' title='bbox 281 493 510 548; x_wconf 84' lang='lat' dir='ltr'><strong>ageretur</strong></span> <span class='ocrx_word' id='word_1_23' title='bbox 546 493 596 534; x_wconf 92' lang='lat' dir='ltr'>et</span> <span class='ocrx_word' id='word_1_24' title='bbox 631 482 849 532; x_wconf 91' lang='lat' dir='ltr'>amicum</span> <span class='ocrx_word' id='word_1_25' title='bbox 876 484 1319 546; x_wconf 88' lang='lat' dir='ltr'>necessariumque</span> <span class='ocrx_word' id='word_1_26' title='bbox 1343 485 1706 532; x_wconf 83' lang='lat' dir='ltr'>communem?</span> <span class='ocrx_word' id='word_1_27' title='bbox 1775 484 1876 534; x_wconf 89' lang='lat' dir='ltr'>Sed</span> <span class='ocrx_word' id='word_1_28' title='bbox 1902 483 2027 546; x_wconf 92' lang='lat' dir='ltr'>quid</span> <span class='ocrx_word' id='word_1_29' title='bbox 2102 492 2106 498; x_wconf 87' lang='lat'>&#39;</span> 
     </span>
    </p>
   </div>
   <div class='ocr_carea' id='block_1_4' title="bbox 197 571 2028 1529">
    <p class='ocr_par' dir='ltr' id='par_1_4' title="bbox 197 571 2028 1529">
     <span class='ocr_line' id='line_1_5' title="bbox 281 571 2028 638; baseline -0.001 -14"><span class='ocrx_word' id='word_1_30' title='bbox 281 590 374 638; x_wconf 91' lang='lat' dir='ltr'>ego</span> <span class='ocrx_word' id='word_1_31' title='bbox 422 574 547 623; x_wconf 89' lang='lat' dir='ltr'>haec</span> <span class='ocrx_word' id='word_1_32' title='bbox 593 575 819 636; x_wconf 90' lang='lat' dir='ltr'>pluribus</span> <span class='ocrx_word' id='word_1_33' title='bbox 868 574 1010 636; x_wconf 83' lang='lat' dir='ltr'>quasi</span> <span class='ocrx_word' id='word_1_34' title='bbox 1058 574 1123 622; x_wconf 90' lang='lat' dir='ltr'>de</span> <span class='ocrx_word' id='word_1_35' title='bbox 1170 589 1223 622; x_wconf 91' lang='lat' dir='ltr'>re</span> <span class='ocrx_word' id='word_1_36' title='bbox 1259 573 1472 621; x_wconf 91' lang='lat' dir='ltr'>obscura</span> <span class='ocrx_word' id='word_1_37' title='bbox 1508 571 1727 636; x_wconf 87' lang='lat' dir='ltr'>disput0‚</span> <span class='ocrx_word' id='word_1_38' title='bbox 1766 589 1881 632; x_wconf 85' lang='lat' dir='ltr'>cum</span> <span class='ocrx_word' id='word_1_39' title='bbox 1918 574 2028 637; x_wconf 88' lang='lat' dir='ltr'>ipsa</span> 
     </span>
     <span class='ocr_line' id='line_1_6' title="bbox 228 652 2025 731; baseline -0.001 -19"><span class='ocrx_word' id='word_1_40' title='bbox 228 677 251 725; x_wconf 88' lang='lat'>5</span> <span class='ocrx_word' id='word_1_41' title='bbox 279 664 508 726; x_wconf 87' lang='lat' dir='ltr'>pecunia,</span> <span class='ocrx_word' id='word_1_42' title='bbox 547 678 678 726; x_wconf 90' lang='lat' dir='ltr'>quae</span> <span class='ocrx_word' id='word_1_43' title='bbox 716 661 920 711; x_wconf 77' lang='lat' dir='ltr'>Staieno</span> <span class='ocrx_word' id='word_1_44' title='bbox 957 662 1076 710; x_wconf 90' lang='lat' dir='ltr'>data</span> <span class='ocrx_word' id='word_1_45' title='bbox 1113 669 1203 722; x_wconf 88' lang='lat' dir='ltr'>est,</span> <span class='ocrx_word' id='word_1_46' title='bbox 1243 677 1453 711; x_wconf 87' lang='lat' dir='ltr'>numero</span> <span class='ocrx_word' id='word_1_47' title='bbox 1489 677 1549 710; x_wconf 90' lang='lat' dir='ltr'>ac</span> <span class='ocrx_word' id='word_1_48' title='bbox 1586 652 1782 731; x_wconf 83' lang='lat' dir='ltr'>summa</span> <span class='ocrx_word' id='word_1_49' title='bbox 1806 678 1898 712; x_wconf 90' lang='lat' dir='ltr'>sua</span> <span class='ocrx_word' id='word_1_50' title='bbox 1921 678 2025 712; x_wconf 91' lang='lat' dir='ltr'>non</span> 
     </span>
     <span class='ocr_line' id='line_1_7' title="bbox 279 749 2021 815; baseline 0.001 -15"><span class='ocrx_word' id='word_1_51' title='bbox 279 753 435 802; x_wconf 91' lang='lat' dir='ltr'>modo</span> <span class='ocrx_word' id='word_1_52' title='bbox 473 760 660 815; x_wconf 91' lang='lat' dir='ltr'>quanta</span> <span class='ocrx_word' id='word_1_53' title='bbox 694 750 856 811; x_wconf 86' lang='lat' dir='ltr'>fuerit,</span> <span class='ocrx_word' id='word_1_54' title='bbox 885 752 974 800; x_wconf 92' lang='lat' dir='ltr'>sed</span> <span class='ocrx_word' id='word_1_55' title='bbox 1000 751 1149 799; x_wconf 90' lang='lat' dir='ltr'>etiam</span> <span class='ocrx_word' id='word_1_56' title='bbox 1176 751 1242 799; x_wconf 91' lang='lat' dir='ltr'>ad</span> <span class='ocrx_word' id='word_1_57' title='bbox 1266 766 1418 813; x_wconf 89' lang='lat' dir='ltr'>quarn</span> <span class='ocrx_word' id='word_1_58' title='bbox 1444 767 1549 799; x_wconf 91' lang='lat' dir='ltr'>rem</span> <span class='ocrx_word' id='word_1_59' title='bbox 1574 749 1721 800; x_wconf 88' lang='lat' dir='ltr'>fuerit</span> <span class='ocrx_word' id='word_1_60' title='bbox 1746 752 2021 812; x_wconf 17' lang='lat' dir='ltr'>oste-ndat?</span> 
     </span>
     <span class='ocr_line' id='line_1_8' title="bbox 281 839 2028 905; baseline -0.002 -12"><span class='ocrx_word' id='word_1_61' title='bbox 281 843 511 893; x_wconf 86' lang='lat' dir='ltr'>Sedecim</span> <span class='ocrx_word' id='word_1_62' title='bbox 555 840 672 890; x_wconf 91' lang='lat' dir='ltr'>dico</span> <span class='ocrx_word' id='word_1_63' title='bbox 715 839 924 901; x_wconf 90' lang='lat' dir='ltr'>iudices,</span> <span class='ocrx_word' id='word_1_64' title='bbox 969 848 1025 888; x_wconf 91' lang='lat' dir='ltr'>ut</span> <span class='ocrx_word' id='word_1_65' title='bbox 1068 840 1382 904; x_wconf 82' lang='lat' dir='ltr'>Oppianicus</span> <span class='ocrx_word' id='word_1_66' title='bbox 1418 840 1774 905; x_wconf 83' lang='lat' dir='ltr'>absolveretur,</span> <span class='ocrx_word' id='word_1_67' title='bbox 1811 857 2028 890; x_wconf 89' lang='lat' dir='ltr'>corrum-</span> 
     </span>
     <span class='ocr_line' id='line_1_9' title="bbox 280 929 2028 996; baseline -0.001 -15"><span class='ocrx_word' id='word_1_68' title='bbox 280 933 475 996; x_wconf 89' lang='lat' dir='ltr'>pendos</span> <span class='ocrx_word' id='word_1_69' title='bbox 511 931 693 980; x_wconf 85' lang='lat' dir='ltr'>fuisse:</span> <span class='ocrx_word' id='word_1_70' title='bbox 730 931 794 979; x_wconf 90' lang='lat' dir='ltr'>ad</span> <span class='ocrx_word' id='word_1_71' title='bbox 832 931 1093 979; x_wconf 84' lang='lat' dir='ltr'>Staienum</span> <span class='ocrx_word' id='word_1_72' title='bbox 1119 938 1348 978; x_wconf 89' lang='lat' dir='ltr'>sescenta</span> <span class='ocrx_word' id='word_1_73' title='bbox 1373 930 1704 994; x_wconf 87' lang='lat' dir='ltr'>quadraginta</span> <span class='ocrx_word' id='word_1_74' title='bbox 1727 929 1864 980; x_wconf 89' lang='lat' dir='ltr'>milia</span> <span class='ocrx_word' id='word_1_75' title='bbox 1888 946 2028 979; x_wconf 92' lang='lat' dir='ltr'>num-</span> 
     </span>
     <span class='ocr_line' id='line_1_10' title="bbox 280 1017 2025 1082; baseline -0.001 -14"><span class='ocrx_word' id='word_1_76' title='bbox 280 1037 418 1069; x_wconf 91' lang='lat' dir='ltr'>mum</span> <span class='ocrx_word' id='word_1_77' title='bbox 456 1035 564 1068; x_wconf 89' lang='lat' dir='ltr'>esse</span> <span class='ocrx_word' id='word_1_78' title='bbox 600 1020 781 1068; x_wconf 91' lang='lat' dir='ltr'>delata.</span> <span class='ocrx_word' id='word_1_79' title='bbox 857 1017 922 1079; x_wconf 91' lang='lat' dir='ltr'>Si,</span> <span class='ocrx_word' id='word_1_80' title='bbox 951 1027 1005 1066; x_wconf 91' lang='lat' dir='ltr'>ut</span> <span class='ocrx_word' id='word_1_81' title='bbox 1030 1026 1083 1067; x_wconf 88' lang='lat' dir='ltr'>tu</span> <span class='ocrx_word' id='word_1_82' title='bbox 1111 1017 1248 1079; x_wconf 87' lang='lat' dir='ltr'>dicis,</span> <span class='ocrx_word' id='word_1_83' title='bbox 1276 1017 1464 1082; x_wconf 89' lang='lat' dir='ltr'>gratiae</span> <span class='ocrx_word' id='word_1_84' title='bbox 1489 1017 1836 1068; x_wconf 83' lang='lat' dir='ltr'>conciliandae</span> <span class='ocrx_word' id='word_1_85' title='bbox 1860 1034 2025 1078; x_wconf 85' lang='lat' dir='ltr'>causa,</span> 
     </span>
     <span class='ocr_line' id='line_1_11' title="bbox 197 1107 2027 1173; baseline 0.002 -19"><span class='ocrx_word' id='word_1_86' title='bbox 197 1124 255 1155; x_wconf 86' lang='lat'>10</span> <span class='ocrx_word' id='word_1_87' title='bbox 280 1109 609 1173; x_wconf 85' lang='lat' dir='ltr'>quadraginta</span> <span class='ocrx_word' id='word_1_88' title='bbox 644 1108 855 1157; x_wconf 91' lang='lat' dir='ltr'>istorum</span> <span class='ocrx_word' id='word_1_89' title='bbox 892 1109 1117 1157; x_wconf 89' lang='lat' dir='ltr'>accessio</span> <span class='ocrx_word' id='word_1_90' title='bbox 1154 1107 1345 1156; x_wconf 90' lang='lat' dir='ltr'>milium</span> <span class='ocrx_word' id='word_1_91' title='bbox 1385 1108 1507 1171; x_wconf 89' lang='lat' dir='ltr'>quid</span> <span class='ocrx_word' id='word_1_92' title='bbox 1543 1109 1712 1158; x_wconf 81' lang='lat' dir='ltr'>valet?</span> <span class='ocrx_word' id='word_1_93' title='bbox 1748 1107 1806 1169; x_wconf 87' lang='lat' dir='ltr'>si,</span> <span class='ocrx_word' id='word_1_94' title='bbox 1843 1117 1898 1158; x_wconf 93' lang='lat' dir='ltr'>ut</span> <span class='ocrx_word' id='word_1_95' title='bbox 1934 1125 2027 1158; x_wconf 90' lang='lat' dir='ltr'>nos</span> 
     </span>
     <span class='ocr_line' id='line_1_12' title="bbox 280 1196 2026 1261; baseline 0 -14"><span class='ocrx_word' id='word_1_96' title='bbox 280 1198 509 1259; x_wconf 82' lang='lat' dir='ltr'>dicimuS,</span> <span class='ocrx_word' id='word_1_97' title='bbox 531 1207 586 1247; x_wconf 90' lang='lat' dir='ltr'>ut</span> <span class='ocrx_word' id='word_1_98' title='bbox 606 1199 928 1261; x_wconf 86' lang='lat' dir='ltr'>quadragena</span> <span class='ocrx_word' id='word_1_99' title='bbox 949 1196 1087 1245; x_wconf 89' lang='lat' dir='ltr'>milia</span> <span class='ocrx_word' id='word_1_100' title='bbox 1112 1198 1333 1246; x_wconf 89' lang='lat' dir='ltr'>sedecim</span> <span class='ocrx_word' id='word_1_101' title='bbox 1365 1196 1617 1247; x_wconf 90' lang='lat' dir='ltr'>iudicibus</span> <span class='ocrx_word' id='word_1_102' title='bbox 1642 1198 1894 1259; x_wconf 89' lang='lat' dir='ltr'>darentur,</span> <span class='ocrx_word' id='word_1_103' title='bbox 1922 1213 2026 1247; x_wconf 91' lang='lat' dir='ltr'>non</span> 
     </span>
     <span class='ocr_line' id='line_1_13' title="bbox 283 1286 1309 1351; baseline -0.001 -15"><span class='ocrx_word' id='word_1_104' title='bbox 283 1289 610 1338; x_wconf 90' lang='lat' dir='ltr'>Archimedes</span> <span class='ocrx_word' id='word_1_105' title='bbox 636 1286 813 1337; x_wconf 89' lang='lat' dir='ltr'>melius</span> <span class='ocrx_word' id='word_1_106' title='bbox 837 1286 1003 1351; x_wconf 89' lang='lat' dir='ltr'>potuit</span> <span class='ocrx_word' id='word_1_107' title='bbox 1029 1287 1309 1336; x_wconf 90' lang='lat' dir='ltr'>discribere.</span> 
     </span>
     <span class='ocr_line' id='line_1_14' title="bbox 346 1366 2025 1441; baseline -0.004 -12"><span class='ocrx_word' id='word_1_108' title='bbox 346 1376 424 1429; x_wconf 90' lang='lat'>88.</span> <span class='ocrx_word' id='word_1_109' title='bbox 466 1379 534 1425; x_wconf 94' lang='lat' dir='ltr'>At</span> <span class='ocrx_word' id='word_1_110' title='bbox 555 1378 687 1441; x_wconf 90' lang='lat' dir='ltr'>enim</span> <span class='ocrx_word' id='word_1_111' title='bbox 706 1374 894 1425; x_wconf 86' lang='lat' dir='ltr'>iudicia</span> <span class='ocrx_word' id='word_1_112' title='bbox 911 1376 1041 1424; x_wconf 90' lang='lat' dir='ltr'>facta</span> <span class='ocrx_word' id='word_1_113' title='bbox 1060 1377 1308 1438; x_wconf 90' lang='lat' dir='ltr'>permulta</span> <span class='ocrx_word' id='word_1_114' title='bbox 1333 1384 1461 1435; x_wconf 90' lang='lat' dir='ltr'>sunt,</span> <span class='ocrx_word' id='word_1_115' title='bbox 1482 1392 1510 1424; x_wconf 91' lang='lat' dir='ltr'>a</span> <span class='ocrx_word' id='word_1_116' title='bbox 1528 1374 1767 1426; x_wconf 90' lang='lat' dir='ltr'>Cluentio</span> <span class='ocrx_word' id='word_1_117' title='bbox 1785 1366 2025 1425; x_wconf 87' lang='lat' dir='ltr'>iudicium</span> 
     </span>
     <span class='ocr_line' id='line_1_15' title="bbox 280 1450 2027 1529; baseline -0.001 -13"><span class='ocrx_word' id='word_1_118' title='bbox 280 1483 389 1516; x_wconf 88' lang='lat' dir='ltr'>esse</span> <span class='ocrx_word' id='word_1_119' title='bbox 425 1474 724 1529; x_wconf 90' lang='lat' dir='ltr'>corruptum.</span> <span class='ocrx_word' id='word_1_120' title='bbox 802 1466 968 1513; x_wconf 89' lang='lat' dir='ltr'>Immo</span> <span class='ocrx_word' id='word_1_121' title='bbox 1004 1480 1124 1513; x_wconf 91' lang='lat' dir='ltr'>vero</span> <span class='ocrx_word' id='word_1_122' title='bbox 1160 1473 1277 1514; x_wconf 91' lang='lat' dir='ltr'>ante</span> <span class='ocrx_word' id='word_1_123' title='bbox 1313 1465 1412 1514; x_wconf 94' lang='lat' dir='ltr'>hoc</span> <span class='ocrx_word' id='word_1_124' title='bbox 1448 1473 1648 1529; x_wconf 90' lang='lat' dir='ltr'>tempus</span> <span class='ocrx_word' id='word_1_125' title='bbox 1687 1450 1897 1514; x_wconf 74' lang='lat' dir='ltr'>Omnino</span> <span class='ocrx_word' id='word_1_126' title='bbox 1933 1465 2027 1514; x_wconf 91' lang='lat' dir='ltr'>ista</span> 
     </span>
    </p>
   </div>
   <div class='ocr_carea' id='block_1_5' title="bbox 197 1553 2061 1620">
    <p class='ocr_par' dir='ltr' id='par_1_5' title="bbox 197 1553 2061 1620">
     <span class='ocr_line' id='line_1_16' title="bbox 197 1553 2061 1620; baseline -0.003 -16"><span class='ocrx_word' id='word_1_127' title='bbox 197 1568 250 1615; x_wconf 88' lang='lat'>15</span> <span class='ocrx_word' id='word_1_128' title='bbox 279 1556 389 1620; x_wconf 91' lang='lat' dir='ltr'>ipsa</span> <span class='ocrx_word' id='word_1_129' title='bbox 424 1572 503 1606; x_wconf 92' lang='lat' dir='ltr'>res</span> <span class='ocrx_word' id='word_1_130' title='bbox 540 1571 632 1604; x_wconf 92' lang='lat' dir='ltr'>suo</span> <span class='ocrx_word' id='word_1_131' title='bbox 669 1555 874 1604; x_wconf 90' lang='lat' dir='ltr'>nomine</span> <span class='ocrx_word' id='word_1_132' title='bbox 911 1555 959 1601; x_wconf 90' lang='lat' dir='ltr'>in</span> <span class='ocrx_word' id='word_1_133' title='bbox 998 1553 1238 1602; x_wconf 91' lang='lat' dir='ltr'>iudicium</span> <span class='ocrx_word' id='word_1_134' title='bbox 1275 1570 1552 1617; x_wconf 86' lang='lat' dir='ltr'>numquam</span> <span class='ocrx_word' id='word_1_135' title='bbox 1577 1563 1653 1604; x_wconf 91' lang='lat' dir='ltr'>est</span> <span class='ocrx_word' id='word_1_136' title='bbox 1677 1563 1874 1604; x_wconf 89' lang='lat' dir='ltr'>vocata.</span> <span class='ocrx_word' id='word_1_137' title='bbox 1947 1556 2061 1603; x_wconf 88' lang='lat' dir='ltr'>Ita.</span> 
     </span>
    </p>
   </div>
   <div class='ocr_carea' id='block_1_6' title="bbox 195 1624 2027 3054">
    <p class='ocr_par' dir='ltr' id='par_1_6' title="bbox 196 1624 2027 2612">
     <span class='ocr_line' id='line_1_17' title="bbox 279 1624 2027 1710; baseline -0.002 -15"><span class='ocrx_word' id='word_1_138' title='bbox 279 1647 492 1695; x_wconf 91' lang='lat' dir='ltr'>multum</span> <span class='ocrx_word' id='word_1_139' title='bbox 529 1646 726 1709; x_wconf 85' lang='lat' dir='ltr'>agitata,</span> <span class='ocrx_word' id='word_1_140' title='bbox 766 1643 834 1693; x_wconf 88' lang='lat' dir='ltr'>ita</span> <span class='ocrx_word' id='word_1_141' title='bbox 871 1643 958 1693; x_wconf 90' lang='lat' dir='ltr'>diu</span> <span class='ocrx_word' id='word_1_142' title='bbox 993 1643 1178 1692; x_wconf 90' lang='lat' dir='ltr'>iactata</span> <span class='ocrx_word' id='word_1_143' title='bbox 1206 1641 1321 1710; x_wconf 91' lang='lat' dir='ltr'>[ista</span> <span class='ocrx_word' id='word_1_144' title='bbox 1346 1642 1444 1710; x_wconf 88' lang='lat' dir='ltr'>res]</span> <span class='ocrx_word' id='word_1_145' title='bbox 1473 1653 1563 1704; x_wconf 91' lang='lat' dir='ltr'>est,</span> <span class='ocrx_word' id='word_1_146' title='bbox 1591 1652 1646 1693; x_wconf 91' lang='lat' dir='ltr'>ut</span> <span class='ocrx_word' id='word_1_147' title='bbox 1670 1643 1920 1694; x_wconf 91' lang='lat' dir='ltr'>hodierno</span> <span class='ocrx_word' id='word_1_148' title='bbox 1945 1624 2027 1693; x_wconf 63' lang='lat' dir='ltr'>di&#39;e</span> 
     </span>
     <span class='ocr_line' id='line_1_18' title="bbox 280 1731 2027 1799; baseline 0 -16"><span class='ocrx_word' id='word_1_149' title='bbox 280 1735 496 1799; x_wconf 90' lang='lat' dir='ltr'>primum</span> <span class='ocrx_word' id='word_1_150' title='bbox 533 1750 687 1783; x_wconf 90' lang='lat' dir='ltr'>causa</span> <span class='ocrx_word' id='word_1_151' title='bbox 724 1733 810 1782; x_wconf 88' lang='lat' dir='ltr'>illa</span> <span class='ocrx_word' id='word_1_152' title='bbox 845 1733 1056 1782; x_wconf 89' lang='lat' dir='ltr'>defensa</span> <span class='ocrx_word' id='word_1_153' title='bbox 1092 1731 1169 1792; x_wconf 89' lang='lat' dir='ltr'>sit,</span> <span class='ocrx_word' id='word_1_154' title='bbox 1209 1732 1460 1782; x_wconf 89' lang='lat' dir='ltr'>hodierno</span> <span class='ocrx_word' id='word_1_155' title='bbox 1496 1732 1581 1782; x_wconf 91' lang='lat' dir='ltr'>die</span> <span class='ocrx_word' id='word_1_156' title='bbox 1605 1732 1823 1796; x_wconf 90' lang='lat' dir='ltr'>primum</span> <span class='ocrx_word' id='word_1_157' title='bbox 1848 1733 2027 1783; x_wconf 90' lang='lat' dir='ltr'>veritas</span> 
     </span>
     <span class='ocr_line' id='line_1_19' title="bbox 279 1821 2025 1874; baseline -0.001 -1"><span class='ocrx_word' id='word_1_158' title='bbox 279 1840 456 1874; x_wconf 91' lang='lat' dir='ltr'>vocem</span> <span class='ocrx_word' id='word_1_159' title='bbox 494 1832 669 1873; x_wconf 88' lang='lat' dir='ltr'>contra</span> <span class='ocrx_word' id='word_1_160' title='bbox 705 1821 947 1871; x_wconf 91' lang='lat' dir='ltr'>invidiam</span> <span class='ocrx_word' id='word_1_161' title='bbox 984 1822 1061 1871; x_wconf 91' lang='lat' dir='ltr'>his</span> <span class='ocrx_word' id='word_1_162' title='bbox 1099 1821 1350 1871; x_wconf 88' lang='lat' dir='ltr'>iudicibus</span> <span class='ocrx_word' id='word_1_163' title='bbox 1387 1824 1513 1872; x_wconf 88' lang='lat' dir='ltr'>freta</span> <span class='ocrx_word' id='word_1_164' title='bbox 1549 1822 1753 1872; x_wconf 88' lang='lat' dir='ltr'>miserit.</span> <span class='ocrx_word' id='word_1_165' title='bbox 1836 1824 2025 1873; x_wconf 91' lang='lat' dir='ltr'>Verum</span> 
     </span>
     <span class='ocr_line' id='line_1_20' title="bbox 280 1895 2027 1975; baseline -0.001 -11"><span class='ocrx_word' id='word_1_166' title='bbox 280 1925 448 1964; x_wconf 90' lang='lat' dir='ltr'>tamen</span> <span class='ocrx_word' id='word_1_167' title='bbox 474 1915 567 1963; x_wconf 92' lang='lat' dir='ltr'>ista</span> <span class='ocrx_word' id='word_1_168' title='bbox 591 1914 748 1961; x_wconf 90' lang='lat' dir='ltr'>multa</span> <span class='ocrx_word' id='word_1_169' title='bbox 772 1911 958 1961; x_wconf 91' lang='lat' dir='ltr'>iudicia</span> <span class='ocrx_word' id='word_1_170' title='bbox 995 1927 1125 1975; x_wconf 89' lang='lat' dir='ltr'>quae</span> <span class='ocrx_word' id='word_1_171' title='bbox 1163 1914 1316 1960; x_wconf 89' lang='lat' dir='ltr'>sunt?</span> <span class='ocrx_word' id='word_1_172' title='bbox 1353 1913 1463 1975; x_wconf 88' lang='lat' dir='ltr'>Ego</span> <span class='ocrx_word' id='word_1_173' title='bbox 1501 1911 1636 1962; x_wconf 89' lang='lat' dir='ltr'>enim</span> <span class='ocrx_word' id='word_1_174' title='bbox 1661 1895 1744 1961; x_wconf 89' lang='lat' dir='ltr'>me</span> <span class='ocrx_word' id='word_1_175' title='bbox 1767 1912 1834 1962; x_wconf 92' lang='lat' dir='ltr'>ad</span> <span class='ocrx_word' id='word_1_176' title='bbox 1858 1912 2027 1962; x_wconf 89' lang='lat' dir='ltr'>omnia</span> 
     </span>
     <span class='ocr_line' id='line_1_21' title="bbox 196 2000 2027 2066; baseline 0.002 -17"><span class='ocrx_word' id='word_1_177' title='bbox 196 2020 255 2050; x_wconf 90' lang='lat'>20</span> <span class='ocrx_word' id='word_1_178' title='bbox 280 2004 570 2053; x_wconf 89' lang='lat' dir='ltr'>confirmavi</span> <span class='ocrx_word' id='word_1_179' title='bbox 596 2011 644 2051; x_wconf 89' lang='lat' dir='ltr'>et</span> <span class='ocrx_word' id='word_1_180' title='bbox 670 2003 740 2050; x_wconf 88' lang='lat' dir='ltr'>sic</span> <span class='ocrx_word' id='word_1_181' title='bbox 765 2000 951 2065; x_wconf 89' lang='lat' dir='ltr'>paravi,</span> <span class='ocrx_word' id='word_1_182' title='bbox 980 2009 1036 2049; x_wconf 93' lang='lat' dir='ltr'>ut</span> <span class='ocrx_word' id='word_1_183' title='bbox 1060 2002 1316 2062; x_wconf 88' lang='lat' dir='ltr'>docerem,</span> <span class='ocrx_word' id='word_1_184' title='bbox 1342 2018 1471 2065; x_wconf 91' lang='lat' dir='ltr'>quae</span> <span class='ocrx_word' id='word_1_185' title='bbox 1497 2002 1629 2050; x_wconf 89' lang='lat' dir='ltr'>facta</span> <span class='ocrx_word' id='word_1_186' title='bbox 1646 2010 1826 2066; x_wconf 87' lang='lat' dir='ltr'>postea</span> <span class='ocrx_word' id='word_1_187' title='bbox 1843 2002 2027 2052; x_wconf 90' lang='lat' dir='ltr'>iudicia</span> 
     </span>
     <span class='ocr_line' id='line_1_22' title="bbox 281 2090 2025 2156; baseline -0.001 -14"><span class='ocrx_word' id='word_1_188' title='bbox 281 2094 343 2142; x_wconf 92' lang='lat' dir='ltr'>de</span> <span class='ocrx_word' id='word_1_189' title='bbox 363 2095 449 2142; x_wconf 92' lang='lat' dir='ltr'>illo</span> <span class='ocrx_word' id='word_1_190' title='bbox 466 2092 656 2142; x_wconf 92' lang='lat' dir='ltr'>iudicio</span> <span class='ocrx_word' id='word_1_191' title='bbox 673 2091 970 2152; x_wconf 60' lang='lat' dir='ltr'>dicerentur,</span> <span class='ocrx_word' id='word_1_192' title='bbox 992 2090 1172 2154; x_wconf 91' lang='lat' dir='ltr'>partim</span> <span class='ocrx_word' id='word_1_193' title='bbox 1191 2090 1366 2140; x_wconf 92' lang='lat' dir='ltr'>ruinae</span> <span class='ocrx_word' id='word_1_194' title='bbox 1387 2090 1624 2141; x_wconf 88' lang='lat' dir='ltr'>similiora</span> <span class='ocrx_word' id='word_1_195' title='bbox 1639 2100 1724 2142; x_wconf 90' lang='lat' dir='ltr'>aut</span> <span class='ocrx_word' id='word_1_196' title='bbox 1738 2092 2025 2156; x_wconf 88' lang='lat' dir='ltr'>tempestati</span> 
     </span>
     <span class='ocr_line' id='line_1_23' title="bbox 281 2179 2025 2247; baseline -0.002 -14"><span class='ocrx_word' id='word_1_197' title='bbox 281 2200 432 2247; x_wconf 92' lang='lat' dir='ltr'>quam</span> <span class='ocrx_word' id='word_1_198' title='bbox 480 2182 670 2232; x_wconf 90' lang='lat' dir='ltr'>iudicio</span> <span class='ocrx_word' id='word_1_199' title='bbox 719 2191 768 2231; x_wconf 91' lang='lat' dir='ltr'>et</span> <span class='ocrx_word' id='word_1_200' title='bbox 816 2179 1172 2244; x_wconf 87' lang='lat' dir='ltr'>disceptationi</span> <span class='ocrx_word' id='word_1_201' title='bbox 1219 2180 1386 2240; x_wconf 89' lang='lat' dir='ltr'>fuisse,</span> <span class='ocrx_word' id='word_1_202' title='bbox 1451 2180 1630 2244; x_wconf 89' lang='lat' dir='ltr'>partim</span> <span class='ocrx_word' id='word_1_203' title='bbox 1678 2180 1802 2230; x_wconf 91' lang='lat' dir='ltr'>nihil</span> <span class='ocrx_word' id='word_1_204' title='bbox 1849 2190 2025 2232; x_wconf 90' lang='lat' dir='ltr'>contra</span> 
     </span>
     <span class='ocr_line' id='line_1_24' title="bbox 283 2270 2026 2335; baseline -0.002 -11"><span class='ocrx_word' id='word_1_205' title='bbox 283 2273 528 2323; x_wconf 88' lang='lat' dir='ltr'>Habitum</span> <span class='ocrx_word' id='word_1_206' title='bbox 567 2274 745 2333; x_wconf 85' lang='lat' dir='ltr'>valere,</span> <span class='ocrx_word' id='word_1_207' title='bbox 785 2272 965 2335; x_wconf 89' lang='lat' dir='ltr'>partim</span> <span class='ocrx_word' id='word_1_208' title='bbox 1001 2270 1152 2320; x_wconf 90' lang='lat' dir='ltr'>etiam</span> <span class='ocrx_word' id='word_1_209' title='bbox 1189 2287 1279 2334; x_wconf 93' lang='lat' dir='ltr'>pro</span> <span class='ocrx_word' id='word_1_210' title='bbox 1303 2271 1402 2319; x_wconf 93' lang='lat' dir='ltr'>hoc</span> <span class='ocrx_word' id='word_1_211' title='bbox 1427 2286 1551 2331; x_wconf 89' lang='lat' dir='ltr'>esse,</span> <span class='ocrx_word' id='word_1_212' title='bbox 1580 2271 1761 2334; x_wconf 89' lang='lat' dir='ltr'>partim</span> <span class='ocrx_word' id='word_1_213' title='bbox 1787 2286 1896 2321; x_wconf 90' lang='lat' dir='ltr'>esse</span> <span class='ocrx_word' id='word_1_214' title='bbox 1920 2271 2026 2321; x_wconf 90' lang='lat' dir='ltr'>eius</span> 
     </span>
     <span class='ocr_line' id='line_1_25' title="bbox 281 2359 2026 2425; baseline -0.001 -14"><span class='ocrx_word' id='word_1_215' title='bbox 281 2362 434 2425; x_wconf 88' lang='lat' dir='ltr'>modi,</span> <span class='ocrx_word' id='word_1_216' title='bbox 509 2371 564 2411; x_wconf 92' lang='lat' dir='ltr'>ut</span> <span class='ocrx_word' id='word_1_217' title='bbox 621 2377 788 2424; x_wconf 91' lang='lat' dir='ltr'>neque</span> <span class='ocrx_word' id='word_1_218' title='bbox 847 2360 1100 2424; x_wconf 89' lang='lat' dir='ltr'>appellata</span> <span class='ocrx_word' id='word_1_219' title='bbox 1159 2375 1399 2422; x_wconf 91' lang='lat' dir='ltr'>umquam</span> <span class='ocrx_word' id='word_1_220' title='bbox 1459 2359 1644 2408; x_wconf 92' lang='lat' dir='ltr'>iudicia</span> <span class='ocrx_word' id='word_1_221' title='bbox 1703 2361 1802 2410; x_wconf 88' lang='lat' dir='ltr'>sint</span> <span class='ocrx_word' id='word_1_222' title='bbox 1859 2375 2026 2423; x_wconf 89' lang='lat' dir='ltr'>neque</span> 
     </span>
     <span class='ocr_line' id='line_1_26' title="bbox 196 2448 2023 2516; baseline 0.001 -18"><span class='ocrx_word' id='word_1_223' title='bbox 196 2465 252 2515; x_wconf 87' lang='lat'>25</span> <span class='ocrx_word' id='word_1_224' title='bbox 282 2452 574 2503; x_wconf 84' lang='lat' dir='ltr'>existimata.</span> <span class='ocrx_word' id='word_1_225' title='bbox 649 2450 727 2516; x_wconf 90' lang='lat'>89.</span> <span class='ocrx_word' id='word_1_226' title='bbox 770 2449 875 2499; x_wconf 91' lang='lat' dir='ltr'>Hic</span> <span class='ocrx_word' id='word_1_227' title='bbox 918 2465 1011 2513; x_wconf 87' lang='lat' dir='ltr'>ego</span> <span class='ocrx_word' id='word_1_228' title='bbox 1054 2448 1212 2513; x_wconf 84' lang='lat' dir='ltr'>magis</span> <span class='ocrx_word' id='word_1_229' title='bbox 1254 2458 1308 2499; x_wconf 89' lang='lat' dir='ltr'>ut</span> <span class='ocrx_word' id='word_1_230' title='bbox 1350 2450 1772 2500; x_wconf 88' lang='lat' dir='ltr'>consuetudinem</span> <span class='ocrx_word' id='word_1_231' title='bbox 1816 2466 2023 2512; x_wconf 90' lang='lat' dir='ltr'>servem,</span> 
     </span>
     <span class='ocr_line' id='line_1_27' title="bbox 282 2539 2024 2612; baseline -0.001 -20"><span class='ocrx_word' id='word_1_232' title='bbox 282 2560 432 2607; x_wconf 89' lang='lat' dir='ltr'>quam</span> <span class='ocrx_word' id='word_1_233' title='bbox 460 2541 597 2612; x_wconf 73' lang='lat' dir='ltr'>quod</span> <span class='ocrx_word' id='word_1_234' title='bbox 622 2557 710 2590; x_wconf 91' lang='lat' dir='ltr'>vos</span> <span class='ocrx_word' id='word_1_235' title='bbox 736 2556 840 2589; x_wconf 93' lang='lat' dir='ltr'>non</span> <span class='ocrx_word' id='word_1_236' title='bbox 865 2548 1024 2589; x_wconf 90' lang='lat' dir='ltr'>vestra</span> <span class='ocrx_word' id='word_1_237' title='bbox 1049 2539 1148 2588; x_wconf 91' lang='lat' dir='ltr'>hoc</span> <span class='ocrx_word' id='word_1_238' title='bbox 1173 2549 1354 2602; x_wconf 89' lang='lat' dir='ltr'>sponte</span> <span class='ocrx_word' id='word_1_239' title='bbox 1379 2539 1588 2602; x_wconf 82' lang='lat' dir='ltr'>faciatiS‚</span> <span class='ocrx_word' id='word_1_240' title='bbox 1615 2549 1786 2604; x_wconf 90' lang='lat' dir='ltr'>petam</span> <span class='ocrx_word' id='word_1_241' title='bbox 1810 2557 1841 2590; x_wconf 90' lang='lat' dir='ltr'>a</span> <span class='ocrx_word' id='word_1_242' title='bbox 1865 2539 2024 2602; x_wconf 84' lang='lat' dir='ltr'>vobiS‚</span> 
     </span>
    </p>

    <p class='ocr_par' dir='ltr' id='par_1_7' title="bbox 195 2628 2026 3054">
     <span class='ocr_line' id='line_1_28' title="bbox 283 2628 1964 2697; baseline -0.001 -15"><span class='ocrx_word' id='word_1_243' title='bbox 283 2642 338 2683; x_wconf 92' lang='lat' dir='ltr'>ut</span> <span class='ocrx_word' id='word_1_244' title='bbox 362 2648 458 2693; x_wconf 90' lang='lat' dir='ltr'>me,</span> <span class='ocrx_word' id='word_1_245' title='bbox 487 2631 607 2680; x_wconf 92' lang='lat' dir='ltr'>dum</span> <span class='ocrx_word' id='word_1_246' title='bbox 633 2631 696 2680; x_wconf 91' lang='lat' dir='ltr'>de</span> <span class='ocrx_word' id='word_1_247' title='bbox 721 2629 798 2679; x_wconf 91' lang='lat' dir='ltr'>his</span> <span class='ocrx_word' id='word_1_248' title='bbox 825 2628 1029 2694; x_wconf 89' lang='lat' dir='ltr'>singulis</span> <span class='ocrx_word' id='word_1_249' title='bbox 1055 2630 1256 2692; x_wconf 89' lang='lat' dir='ltr'>disputo</span> <span class='ocrx_word' id='word_1_250' title='bbox 1282 2629 1494 2697; x_wconf 71' lang='lat' dir='ltr'>iudiciiS‚</span> <span class='ocrx_word' id='word_1_251' title='bbox 1522 2637 1714 2680; x_wconf 87' lang='lat' dir='ltr'>attente</span> <span class='ocrx_word' id='word_1_252' title='bbox 1738 2629 1964 2680; x_wconf 81' lang='lat' dir='ltr'>audiatiS.</span> 
     </span>
     <span class='ocr_line' id='line_1_29' title="bbox 350 2718 2024 2784; baseline -0.001 -14"><span class='ocrx_word' id='word_1_253' title='bbox 350 2722 604 2770; x_wconf 91' lang='lat' dir='ltr'>XXXIII.</span> <span class='ocrx_word' id='word_1_254' title='bbox 650 2719 1033 2771; x_wconf 89' lang='lat' dir='ltr'>Condemnatus</span> <span class='ocrx_word' id='word_1_255' title='bbox 1059 2727 1134 2768; x_wconf 87' lang='lat' dir='ltr'>est</span> <span class='ocrx_word' id='word_1_256' title='bbox 1178 2720 1236 2770; x_wconf 91' lang='lat' dir='ltr'>C.</span> <span class='ocrx_word' id='word_1_257' title='bbox 1284 2718 1476 2780; x_wconf 83' lang='lat' dir='ltr'>IuniuS,</span> <span class='ocrx_word' id='word_1_258' title='bbox 1529 2721 1614 2783; x_wconf 90' lang='lat' dir='ltr'>qui</span> <span class='ocrx_word' id='word_1_259' title='bbox 1651 2718 1698 2770; x_wconf 92' lang='lat' dir='ltr'>ei</span> <span class='ocrx_word' id='word_1_260' title='bbox 1741 2719 2024 2784; x_wconf 86' lang='lat' dir='ltr'>quaestioni</span> 
     </span>
     <span class='ocr_line' id='line_1_30' title="bbox 282 2807 2025 2875; baseline -0.001 -16"><span class='ocrx_word' id='word_1_261' title='bbox 282 2812 589 2875; x_wconf 84' lang='lat' dir='ltr'>praefuerat:</span> <span class='ocrx_word' id='word_1_262' title='bbox 628 2810 761 2859; x_wconf 88' lang='lat' dir='ltr'>adde</span> <span class='ocrx_word' id='word_1_263' title='bbox 786 2810 938 2858; x_wconf 88' lang='lat' dir='ltr'>etiarn</span> <span class='ocrx_word' id='word_1_264' title='bbox 962 2808 1101 2868; x_wconf 90' lang='lat' dir='ltr'>illud,</span> <span class='ocrx_word' id='word_1_265' title='bbox 1128 2807 1169 2857; x_wconf 90' lang='lat' dir='ltr'>si</span> <span class='ocrx_word' id='word_1_266' title='bbox 1187 2809 1352 2872; x_wconf 90' lang='lat' dir='ltr'>placet</span> <span class='ocrx_word' id='word_1_267' title='bbox 1373 2829 1382 2858; x_wconf 94' lang='lat'>:</span> <span class='ocrx_word' id='word_1_268' title='bbox 1419 2817 1526 2858; x_wconf 87' lang='lat' dir='ltr'>tum</span> <span class='ocrx_word' id='word_1_269' title='bbox 1546 2817 1622 2858; x_wconf 89' lang='lat' dir='ltr'>est</span> <span class='ocrx_word' id='word_1_270' title='bbox 1640 2810 2025 2871; x_wconf 64' lang='lat' dir='ltr'>condemnatus„</span> 
     </span>
     <span class='ocr_line' id='line_1_31' title="bbox 195 2895 2026 2966; baseline 0.001 -19"><span class='ocrx_word' id='word_1_271' title='bbox 195 2917 258 2963; x_wconf 88' lang='lat'>30</span> <span class='ocrx_word' id='word_1_272' title='bbox 283 2917 395 2949; x_wconf 92' lang='lat' dir='ltr'>cum</span> <span class='ocrx_word' id='word_1_273' title='bbox 435 2906 565 2948; x_wconf 90' lang='lat' dir='ltr'>esset</span> <span class='ocrx_word' id='word_1_274' title='bbox 600 2897 750 2946; x_wconf 83' lang='lat' dir='ltr'>iudex</span> <span class='ocrx_word' id='word_1_275' title='bbox 775 2895 1096 2960; x_wconf 73' lang='lat' dir='ltr'>quaestionis</span> <span class='ocrx_word' id='word_1_276' title='bbox 1171 2898 1292 2946; x_wconf 91' lang='lat' dir='ltr'>Non</span> <span class='ocrx_word' id='word_1_277' title='bbox 1318 2898 1476 2946; x_wconf 90' lang='lat' dir='ltr'>modo</span> <span class='ocrx_word' id='word_1_278' title='bbox 1500 2914 1696 2966; x_wconf 70' lang='lat' dir='ltr'>causae,</span> <span class='ocrx_word' id='word_1_279' title='bbox 1724 2898 1815 2949; x_wconf 90' lang='lat' dir='ltr'>sed</span> <span class='ocrx_word' id='word_1_280' title='bbox 1839 2913 1903 2948; x_wconf 89' lang='lat' dir='ltr'>ne</span> <span class='ocrx_word' id='word_1_281' title='bbox 1927 2898 2026 2963; x_wconf 88' lang='lat' dir='ltr'>legi</span> 
     </span>
     <span class='ocr_line' id='line_1_32' title="bbox 282 2986 2024 3054; baseline 0 -16"><span class='ocrx_word' id='word_1_282' title='bbox 282 2989 484 3054; x_wconf 89' lang='lat' dir='ltr'>quidem</span> <span class='ocrx_word' id='word_1_283' title='bbox 524 2989 794 3052; x_wconf 84' lang='lat' dir='ltr'>quicquam</span> <span class='ocrx_word' id='word_1_284' title='bbox 830 3003 919 3051; x_wconf 91' lang='lat' dir='ltr'>per</span> <span class='ocrx_word' id='word_1_285' title='bbox 954 2986 1211 3036; x_wconf 88' lang='lat' dir='ltr'>tribunum</span> <span class='ocrx_word' id='word_1_286' title='bbox 1247 2986 1410 3050; x_wconf 92' lang='lat' dir='ltr'>plebis</span> <span class='ocrx_word' id='word_1_287' title='bbox 1435 2988 1706 3054; x_wconf 64' lang='lat' dir='ltr'>laxamenti</span> <span class='ocrx_word' id='word_1_288' title='bbox 1733 2988 1909 3039; x_wconf 87' lang='lat' dir='ltr'>datum</span> <span class='ocrx_word' id='word_1_289' title='bbox 1932 2997 2024 3039; x_wconf 85' lang='lat' dir='ltr'>est.</span> 
     </span>
    </p>
   </div>
   <div class='ocr_carea' id='block_1_7' title="bbox 283 3075 2027 3142">
    <p class='ocr_par' dir='ltr' id='par_1_8' title="bbox 283 3064 2071 3142">
     <span class='ocr_line' id='line_1_33' title="bbox 283 3075 2027 3142; baseline 0.001 -15"><span class='ocrx_word' id='word_1_290' title='bbox 283 3081 401 3142; x_wconf 85' lang='lat' dir='ltr'>Quo</span> <span class='ocrx_word' id='word_1_291' title='bbox 437 3087 662 3140; x_wconf 87' lang='lat' dir='ltr'>ternpore</span> <span class='ocrx_word' id='word_1_292' title='bbox 688 3076 826 3125; x_wconf 90' lang='lat' dir='ltr'>illum</span> <span class='ocrx_word' id='word_1_293' title='bbox 854 3093 882 3124; x_wconf 88' lang='lat' dir='ltr'>a</span> <span class='ocrx_word' id='word_1_294' title='bbox 908 3075 1203 3139; x_wconf 89' lang='lat' dir='ltr'>quaestione</span> <span class='ocrx_word' id='word_1_295' title='bbox 1228 3077 1295 3126; x_wconf 89' lang='lat' dir='ltr'>ad</span> <span class='ocrx_word' id='word_1_296' title='bbox 1320 3078 1514 3126; x_wconf 88' lang='lat' dir='ltr'>nullum</span> <span class='ocrx_word' id='word_1_297' title='bbox 1539 3076 1676 3127; x_wconf 89' lang='lat' dir='ltr'>aliud</span> <span class='ocrx_word' id='word_1_298' title='bbox 1698 3076 1771 3128; x_wconf 90' lang='lat' dir='ltr'>rei</span> <span class='ocrx_word' id='word_1_299' title='bbox 1793 3064 2071 3141; x_wconf 79' lang='lat' dir='ltr'>publicae</span> 
     </span>
    </p>
   </div>
   <div class='ocr_carea' id='block_1_8' title="bbox 284 3166 2025 3235">
    <p class='ocr_par' dir='ltr' id='par_1_9' title="bbox 284 3166 2025 3235">
     <span class='ocr_line' id='line_1_34' title="bbox 284 3166 2025 3235; baseline 0 -19"><span class='ocrx_word' id='word_1_300' title='bbox 284 3184 464 3217; x_wconf 89' lang='lat' dir='ltr'>munus</span> <span class='ocrx_word' id='word_1_301' title='bbox 518 3166 701 3216; x_wconf 83' lang='lat' dir='ltr'>abduci</span> <span class='ocrx_word' id='word_1_302' title='bbox 756 3167 951 3226; x_wconf 88' lang='lat' dir='ltr'>licebat,</span> <span class='ocrx_word' id='word_1_303' title='bbox 1004 3182 1064 3214; x_wconf 91' lang='lat' dir='ltr'>eo</span> <span class='ocrx_word' id='word_1_304' title='bbox 1120 3175 1348 3229; x_wconf 88' lang='lat' dir='ltr'>tempore</span> <span class='ocrx_word' id='word_1_305' title='bbox 1396 3168 1460 3217; x_wconf 91' lang='lat' dir='ltr'>ad</span> <span class='ocrx_word' id='word_1_306' title='bbox 1520 3166 1866 3230; x_wconf 87' lang='lat' dir='ltr'>quaestionem</span> <span class='ocrx_word' id='word_1_307' title='bbox 1918 3166 2025 3235; x_wconf 82' lang='lat' dir='ltr'>ipse</span> 
     </span>
    </p>
   </div>
  </div>
 </body>
</html>
