2106 3386
250 201 316 257 54
577 192 730 246 PRO
772 193 840 245 A.
886 182 1303 247 cLUENrio
1347 193 1673 247 ORATIO.
1751 193 1851 262 [m.
1889 209 1984 261 141

245 331 294 378 in
339 333 569 382 suasione
612 334 733 397 legis
776 333 1014 382 Serviliae
1051 333 1258 382 summis
1295 343 1439 382 ornat
1475 342 1703 383 senatum
1740 334 1987 396 laudibuS,

245 427 294 469 et
330 421 486 469 multa
522 420 573 469 in
610 421 803 485 equites
843 423 1105 471 Romanos
1147 438 1263 470 cum
1307 437 1367 470 ex
1408 438 1468 471 ea
1505 421 1729 471 oratione
1770 425 1989 486 asperius

245 508 380 559 dicta
425 512 695 570 recitasset,
746 527 847 574 quo
903 510 1057 559 animi
1117 512 1316 560 illorum
1370 510 1596 560 iudicum
1655 513 1706 559 in
1754 513 1990 563 Crassum

245 597 647 660 incenderentur,
677 601 986 662 aliquantum
1021 615 1129 649 esse
1166 608 1451 648 commotus
1477 594 1670 648 dicitur.
1746 611 1856 665 141.
1897 601 1993 649 Ita-

193 701 218 752 5
247 703 345 750 que
393 689 441 736 in
491 687 849 751 respondendo
902 686 1117 751 primum
1168 689 1399 751 exposuit
1445 689 1700 751 utriusque
1747 689 1992 736 rationem

245 776 500 840 temporis,
528 786 582 826 ut
607 776 767 826 oratio
794 794 855 826 ex
880 793 932 825 re
956 786 1006 826 et
1040 794 1101 826 ex
1138 793 1288 826 causa
1325 775 1496 826 habita
1519 776 1780 837 videretur,
1807 777 2011 845 deinde>

247 877 300 916 ut
338 867 624 931 intellegere
665 876 836 930 posset
881 869 1075 927 Brutus,
1116 883 1267 930 quem
1303 866 1562 916 hominem
1601 875 1651 915 et
1688 880 1793 914 non
1830 867 1993 914 solum

248 971 346 1018 qua
388 956 691 1018 eloquentia,
732 968 902 1004 verum
946 957 1097 1005 etiam
1134 972 1235 1018 quo
1273 957 1446 1018 lepore
1487 964 1537 1003 et
1579 954 1762 1018 quibus
1803 954 1993 1003 facetiis

247 1045 530 1108 praeditum
588 1045 884 1104 lacessisset,
941 1053 1039 1093 tres
1095 1046 1201 1107 ipse
1257 1044 1486 1093 excitavit
1540 1045 1826 1094 recitatores
1878 1059 1992 1092 cum

164 1151 223 1182 10
248 1135 453 1198 singulis
489 1135 680 1194 libellis,
720 1151 846 1198 quos
885 1137 955 1184 M.
1000 1138 1194 1194 BrutUS,
1234 1143 1375 1198 pater
1411 1136 1539 1183 illius
1575 1133 1895 1196 accusatoriS‚
1930 1135 1994 1184 de

247 1228 351 1274 iure
388 1226 519 1274 civili
555 1226 766 1290 reliquit.
843 1227 1033 1275 Eorum
1072 1227 1212 1274 initia
1247 1242 1363 1274 cum
1399 1226 1736 1284 recitarentur,
1765 1240 1837 1286 ea,
1865 1239 1995 1287 quae

248 1316 391 1364 vobis
406 1323 529 1364 nota
554 1331 663 1364 esse
690 1316 927 1365 arbitror:
969 1319 980 1340 ‘
1003 1317 1177 1364 Forte
1205 1316 1420 1375 evenit,
1446 1323 1509 1364 ut
1534 1316 1655 1363 ruri
1693 1315 1750 1362 in
1778 1314 1996 1362 Priver-

249 1404 373 1453 nati
409 1421 678 1454 essemus
717 1421 823 1468 ego
849 1414 907 1454 et
945 1407 1161 1453 Brutus
1200 1403 1389 1466 filius,'
1416 1406 1628 1454 fundum
1656 1405 1994 1454 Privernatem

248 1494 539 1557 flagitabat:
581 1495 678 1541 ‘In
722 1495 959 1542 Albano
1001 1509 1238 1542 eramus
1279 1509 1391 1557 ego
1434 1503 1490 1542 et
1539 1495 1760 1542 Brutus
1803 1491 1994 1552 filius,'

165 1593 220 1642 15
249 1585 503 1633 Albanum
540 1584 813 1647 poscebat:
855 1585 951 1631 ‘In
983 1583 1232 1632 Tiburti
1269 1584 1421 1632 forte
1453 1580 1629 1646 quu'm
1661 1582 1999 1632 adsedisse-

249 1689 372 1721 mus
408 1689 516 1737 ego
559 1681 615 1721 et
654 1674 872 1721 Brutus
907 1671 1093 1732 filius,'
1118 1673 1383 1722 Tiburtem
1427 1671 1639 1720 fundum
1682 1671 1998 1735 requirebat:

250 1764 459 1811 Brutum
484 1770 667 1822 autem,
696 1762 956 1810 hominem
977 1763 1269 1825 sapientem,
1293 1762 1430 1824 quod
1456 1762 1543 1809 filii
1563 1761 1840 1824 nequitiam
1863 1761 1998 1810 vide-

248 1860 335 1911 ret,
380 1867 510 1915 quae
549 1851 753 1913 praedia
793 1850 837 1899 ei
882 1852 1200 1914 relinqueret,
1229 1851 1483 1900 testificari
1510 1851 1725 1903 voluisse
1762 1850 1997 1906 dicebat:

249 1941 390 2003 quod
415 1940 455 1989 si
479 1939 722 2002 potuisset
748 1941 959 1990 honeste
984 1939 1200 1990 scribere
1227 1956 1279 1990 se
1307 1939 1358 1988 in
1384 1940 1579 1989 balneis
1604 1955 1719 1988 cum
1744 1938 1797 1988 id
1821 1939 1997 2010 aetatis

164 2041 225 2072 20
251 2030 354 2079 filio
379 2030 544 2089 fuisse,
572 2045 675 2078 non
702 2029 1018 2093 praeterisset
1042 2050 1050 2078 :
1090 2002 1371 2079 ea‘g'iamen
1397 2030 1460 2079 ab
1488 2045 1551 2078 eo
1574 2029 1781 2078 balneas
1805 2043 1912 2078 non
1935 2044 1999 2078 ex

250 2118 386 2167 libris
411 2118 581 2182 patriS,
609 2118 700 2168 sed
743 2135 804 2168 ex
846 2119 1027 2168 tabulis
1071 2128 1120 2169 et
1158 2135 1217 2168 ex
1255 2135 1408 2168 censu
1445 2127 1696 2182 quaerere.
1790 2118 1999 2168 Crassus

251 2218 358 2257 tum
383 2208 452 2257 ita
477 2210 685 2257 Brutum
712 2210 844 2257 ultus
870 2218 959 2269 est,
988 2218 1042 2257 ut
1067 2209 1206 2257 illum
1222 2208 1526 2258 recitationis
1563 2223 1682 2257 suae
1706 2207 1996 2271 paeniteret.

254 2299 474 2347 Moleste
500 2297 634 2347 enim
657 2300 864 2347 fortasse
901 2299 1081 2347 tulerat
1119 2315 1172 2347 se
1197 2297 1248 2346 in
1286 2297 1356 2347 eis
1394 2297 1703 2347 orationibus
1739 2297 2001 2360 reprehen-

253 2404 377 2447 sum,
405 2404 530 2450 quas
571 2388 635 2436 de
674 2404 726 2436 re
770 2387 971 2450 publica
1010 2387 1278 2447 habuisset,
1308 2388 1358 2435 in
1400 2386 1580 2450 quibus
1604 2386 1811 2455 for—sitan
1844 2384 2000 2450 magis

168 2492 225 2542 25
253 2476 530 2540 requiratur
554 2477 849 2545 constantia.
944 2487 1055 2541 142.
1099 2478 1208 2539 Ego
1235 2485 1403 2525 autem
1423 2476 1507 2524 illa
1530 2475 1738 2525 recitata
1763 2491 1872 2525 esse
1895 2490 1999 2524 non

253 2568 465 2617 moleste
491 2569 609 2616 fer0.
685 2569 868 2630 Neque
898 2565 1036 2616 enim
1074 2568 1138 2615 ab
1175 2566 1262 2616 illo
1289 2574 1530 2629 tempore,
1559 2566 1699 2628 quod
1734 2573 1841 2614 tum
1878 2573 2021 2624 erat„
2087 2621 2094 2628 ,

253 2672 418 2720 neque
438 2658 501 2705 ab
529 2673 587 2705 ea
611 2673 775 2716 causa,
805 2673 932 2719 quae
957 2665 1063 2705 tum
1090 2657 1342 2719 agebatur,
1371 2656 1532 2703 aliena
1565 2655 1766 2704 fuerunt
1789 2674 1798 2703 :
1835 2670 2000 2718 neque

254 2745 377 2794 mihi
426 2747 694 2809 quicquam
745 2745 910 2794 oneris
959 2746 1174 2809 suscepi,
1220 2761 1334 2793 cum
1385 2744 1481 2793 ista
1528 2743 1644 2805 dixi,
1690 2760 1792 2807 quo
1832 2745 1999 2792 minus

255 2837 465 2903 honeste
502 2836 633 2883 hanc
670 2851 874 2884 causam
901 2843 950 2884 et
987 2835 1142 2906 libere
1177 2849 1380 2898 possem
1417 2833 1703 2899 defendere.
1779 2834 1935 2897 Quod
1959 2832 2000 2882 si

167 2935 231 2981 30
255 2923 401 2974 velim
438 2923 665 2972 confiteri
702 2940 782 2972 me
818 2939 1019 2973 causam
1055 2926 1115 2972 A.
1154 2924 1355 2974 Cluenti
1394 2939 1530 2971 nunc
1566 2938 1825 2987 cognosse,
1852 2929 2000 2971 antea

254 3005 406 3062 fuisse
442 3013 493 3060 in
518 3013 603 3060 illa
638 3012 865 3074 populari
902 3013 1153 3076 opinione,
1182 3013 1293 3075 quis
1330 3011 1533 3060 tandem
1565 3011 1617 3061 id
1649 3011 1807 3075 possit
1842 3025 1997 3074 repre·
2060 3035 2068 3044 ·

255 3103 517 3152 hendere?
551 3102 855 3165 praesertim,
887 3101 1094 3163 iudiceS,
1122 3118 1236 3150 cum
1274 3117 1303 3149 a
1327 3100 1470 3150 vobis
1509 3116 1713 3164 quoque
1747 3099 1868 3164 ipsis
1902 3099 1999 3148 hoc

257 3190 509 3254 impetrari
535 3191 597 3239 sit
615 3191 988 3261 aequissimum,
1017 3190 1154 3254 quod
1181 3205 1274 3253 ego
1295 3198 1343 3238 et
1367 3190 1432 3258 ab
1454 3189 1595 3238 initio
1619 3186 1772 3252 petivi
1797 3196 1848 3237 et
1866 3202 1999 3237 nunc
