2106 3386
173 124 334 165 LXIV.
369 113 492 180 181]
609 113 763 167 PRO
806 113 873 164 A.
917 112 1333 166 CLUENTIO
1375 113 1699 167 ORATIO.
1849 115 1920 182 69

171 253 232 315 Q.
262 253 472 301 Metello
498 252 800 312 consulibus,
828 260 883 301 ut
918 252 1418 316 hunc-Oppianicum
1442 252 1578 300 aliud
1603 262 1834 315 agentem
1860 271 1919 302 ac

170 340 294 389 nihil
328 339 435 389 eius
460 341 598 388 modi
634 340 938 405 cogitantem
964 341 1029 390 ad
1064 341 1196 389 hanc
1221 342 1595 389 accusationem
1622 341 1915 401 detraheret,

170 428 327 478 invito
374 429 645 492 despondit
704 430 749 478 ei
796 429 946 478 filiam
997 446 1152 489 suam,
1203 430 1352 490 illam,
1405 447 1556 493 quam
1617 447 1677 479 ex
1735 447 1920 494 genero

171 527 468 580 susceperat,
497 527 550 566 ut
575 535 691 568 eum
727 517 914 581 nuptiis
951 518 1226 582 adligatum
1262 519 1409 568 simul
1437 528 1485 568 et
1510 520 1796 569 testamenti
1833 536 1920 583 spe

171 606 460 656 devinctum
484 608 640 671 possit
664 609 848 656 habere
872 607 925 655 in
948 616 1211 671 potestate.
1287 611 1408 657 Hoc
1434 608 1543 672 ipso
1570 611 1672 658 fere
1697 618 1921 673 tempore

170 697 334 746 Strato
370 696 453 744 ille
489 696 715 745 medicus
752 697 890 745 domi
925 698 1110 745 furtum
1146 695 1265 744 fecit
1301 706 1349 745 et
1386 697 1595 746 caedem
1633 696 1739 745 eius
1763 697 1916 746 modi.

171 786 303 835 Cum
327 794 457 834 esset
481 784 532 834 in
558 786 769 835 aedibus
794 785 1072 845 armarium,
1099 785 1151 833 in
1177 802 1278 848 quo
1304 786 1450 835 sciret
1469 803 1579 835 esse
1601 803 1919 836 nummorum

171 873 481 937 aliquantum
518 884 568 923 et
603 875 723 934 auri,
763 883 918 923 noctu
955 874 1081 923 duos
1108 890 1376 924 conservos
1404 874 1710 924 dormientes
1734 874 1921 924 occidit

169 963 222 1011 in
246 961 596 1026 piscinamque
622 962 804 1012 deiecit
830 983 840 1012 ε
876 963 983 1026 ipse
1009 963 1206 1012 armarii
1231 965 1442 1013 fundum
1480 963 1715 1024 exsecuit,
1744 973 1793 1014 et
1831 966 1922 1015 HS

175 1089 392 1100 .....
434 1060 483 1100 et
509 1052 614 1100 auri
652 1053 876 1123 quinque
912 1054 1087 1116 pondo
1125 1052 1342 1113 abstulit,
1369 1069 1475 1102 uno
1497 1069 1557 1101 ex
1592 1053 1742 1102 servis
1765 1069 1923 1116 puero

173 1157 279 1190 non
316 1141 494 1204 grandi
541 1141 760 1190 conscio.
860 1140 970 1194 180.
1013 1143 1169 1190 Furto
1216 1141 1458 1204 postridie
1507 1143 1710 1204 cognito
1758 1143 1921 1190 omnis

172 1228 389 1292 suspicio
425 1229 477 1278 in
505 1247 590 1279 eos
629 1246 812 1290 servos,
840 1231 924 1293 qui
949 1246 1053 1279 non
1089 1231 1463 1294 comparebant,
1492 1232 1915 1279 commovebatur.

172 1320 305 1369 Cum
343 1318 562 1367 exsectio
600 1319 684 1367 illa
721 1319 864 1368 fundi
901 1318 952 1367 in
990 1319 1202 1369 armario
1244 1319 1734 1379 animadverteretur,
1775 1336 1922 1383 quae—

171 1407 347 1456 rebant
387 1392 616 1456 homines
659 1423 881 1470 quonam
929 1408 1084 1456 modo
1124 1407 1228 1456 fieri
1270 1409 1526 1470 potuisset.
1604 1407 1825 1469 Quidam
1861 1423 1922 1456 ex

171 1494 343 1544 amicis
386 1497 581 1545 Sassiae
622 1497 912 1567 recordatus
954 1506 1029 1545 est
1068 1513 1121 1545 se
1157 1513 1314 1560 nuper
1352 1496 1403 1544 in
1439 1496 1672 1545 auctiOne
1699 1497 1919 1559 quadam

169 1585 353 1634 vidisse
377 1584 428 1633 in
453 1586 608 1645 rebus¹
626 1567 829 1634 minutis
854 1586 1106 1634 aduncam
1139 1601 1201 1633 ex
1225 1584 1363 1634 omni
1400 1594 1539 1648 parte
1577 1586 1835 1634 dentatam
1872 1593 1922 1634 et

171 1683 448 1723 tortuosam
471 1673 639 1722 venire
666 1675 914 1732 serrulam,
942 1690 1043 1736 qua
1067 1673 1189 1723 illud
1214 1673 1436 1736 potuisse
1472 1675 1541 1722 ita
1577 1673 1922 1722 circumsecari

170 1762 432 1812 videretur.
506 1764 587 1811 Ne
612 1763 769 1810 multa
791 1782 800 1811 :
827 1761 1123 1825 perquiritur
1148 1779 1176 1810 a
1203 1762 1519 1811 coactoribus
1543 1781 1552 1810 z
1589 1761 1837 1810 invenitur
1863 1777 1922 1810 ea

172 1852 356 1900 serrula
380 1852 446 1900 ad
471 1853 755 1900 Stratonem
780 1851 1078 1914 pervenisse.
1154 1853 1277 1900 Hoc
1303 1850 1446 1899 initio
1472 1850 1771 1914 suspicionis
1810 1859 1919 1899 orto

172 1950 221 1988 et
258 1949 426 2003 aperte
468 1940 753 1988 insimulato
796 1941 1023 1989 Stratone
1065 1956 1188 2004 puer
1228 1939 1310 1988 ille
1350 1939 1582 1988 conscius
1633 1939 1919 2003 pertimuit:

172 2045 276 2078 rem
318 2045 522 2078 omnem
564 2029 800 2078 dominae
842 2028 1095 2089 indicavit,
1137 2029 1365 2077 homines
1404 2027 1456 2076 in
1498 2026 1693 2091 piscina
1733 2027 1922 2076 inventi

173 2127 302 2178 sunt,
345 2119 509 2167 Strato
550 2118 602 2166 in
643 2118 842 2167 vincula
883 2119 1140 2167 coniectus
1177 2127 1253 2167 est
1276 2126 1427 2180 atque
1453 2117 1604 2166 etiam
1629 2118 1677 2164 in
1716 2118 1923 2164 taberna

173 2206 278 2256 eius
295 2207 501 2267 nummi,
522 2223 841 2271 nequaquam
857 2223 1047 2269 omnes,
1070 2206 1389 2270 reperiuntur.
1452 2206 1562 2258 181.
1593 2204 1923 2256 Constituitur

175 2294 401 2357 quaestio
459 2295 523 2344 de
547 2297 689 2344 furto.
789 2297 923 2344 Nam
982 2295 1104 2359 quid
1163 2297 1429 2358 quisquam
1489 2295 1725 2358 suspicari
1785 2294 1923 2343 aliud

174 2386 378 2446 potest?
413 2386 493 2432 An
530 2385 629 2433 hoc
672 2383 874 2433 dicitis?
932 2385 1146 2433 armario
1195 2385 1427 2446 expilato,
1476 2381 1692 2446 pecunia
1738 2382 1922 2441 ablata,

174 2487 278 2520 non
303 2473 443 2521 omni
466 2471 753 2534 reciperata,
779 2471 958 2521 occisis
994 2472 1296 2531 hominibus,
1325 2470 1604 2520 institutam
1630 2487 1740 2520 esse
1777 2486 1922 2533 quae-

175 2560 389 2609 stionem
427 2561 492 2610 de
529 2571 690 2611 morte
730 2561 1034 2625 Oppianici?
1083 2561 1165 2610 cui
1203 2560 1463 2624 probatis?
1514 2559 1634 2622 quid
1673 2569 1748 2608 est
1787 2559 1923 2623 quod

176 2649 341 2697 minus
364 2651 466 2698 veri
485 2649 645 2699 simile
663 2652 882 2713 proferre
906 2649 1108 2713 possitis
1123 2653 1146 2698 ?
1185 2649 1400 2708 Deinde,
1422 2657 1475 2696 ut
1493 2647 1723 2696 omittam
1742 2657 1921 2706 cetera,

175 2737 391 2787 triennio
415 2746 530 2800 post
565 2747 778 2787 mortem
815 2738 1084 2802 Oppianici
1121 2739 1187 2787 de
1229 2737 1335 2786 eius
1360 2745 1520 2786 morte
1554 2738 1924 2800 quaerebatur?

177 2829 345 2890 Atque
369 2826 519 2876 etiam
543 2826 748 2876 incensa
773 2827 892 2877 odio
917 2827 1124 2890 pristino
1150 2825 1493 2875 Nicostratum
1529 2826 1748 2874 eundem
1784 2824 1923 2872 illum

176 2925 283 2965 tum
307 2914 414 2964 sine
438 2931 587 2963 causa
611 2915 662 2963 in
687 2918 1034 2979 quaestionem
1059 2914 1341 2978 postulavit.
1416 2913 1726 2978 Oppianicus
1762 2915 1923 2977 primo

176 3003 435 3053 recusavit.
512 3005 709 3065 Postea,
738 3021 852 3053 cum
878 3006 962 3054 illa
986 3005 1314 3054 abducturam
1341 3019 1393 3052 se
1430 3003 1595 3063 filiam,
1623 3011 1923 3051 mutaturam

178 3109 288 3142 esse
328 3101 686 3142 testamentum
733 3095 1017 3155 minaretur,
1067 3092 1261 3141 mulieri
1308 3091 1679 3141 crudelissimae
1727 3106 1923 3140 servum

1952 1067 2012 1097 10

1948 1955 2010 1984 20

1950 2398 2007 2446 25

1949 2840 2012 2886 30
