2106 3386
206 210 208 212 ·
257 207 285 243 2
571 188 728 242 PRo
769 188 839 240 A.
883 185 1302 240 CLUENTlo
1345 163 1675 238 oRATIO.
1878 183 1938 253 [1.
1965 198 2003 250 4

254 333 454 383 Cluenti
503 330 753 394 proprium
802 328 1090 392 periculum,
1141 329 1192 375 in
1252 326 1438 375 invidia
1497 341 1646 374 causa
1703 327 1997 375 communis.

255 424 422 484 Quam
447 421 512 469 ob
538 436 642 468 rem
679 421 881 468 alteram
918 426 1108 481 partem
1145 432 1323 465 causae
1359 417 1429 463 sic
1464 429 1682 478 agemus,
1708 423 1764 463 ut
1797 431 1887 463 vos
1919 415 2004 464 do-

253 526 466 570 ceamus,
511 511 715 557 alteram
752 509 835 568 sic,
882 515 935 555 ut
971 522 1178 555 oremus.
1258 507 1319 553 In
1355 506 1508 553 altera
1550 504 1807 567 diligentia·
1843 512 2004 552 vestra

253 600 398 647 nobis
433 597 751 660 adiungenda
787 604 872 655 est,
907 597 957 643 in
994 596 1144 644 altera
1180 595 1305 643 fides
1341 594 1662 656 imploranda.
1738 595 1905 643 Nemo
1930 602 2004 642 est

200 699 225 748 5
254 688 388 736 enim
413 686 499 750 qui
523 686 739 734 invidiae
778 686 884 732 sine
907 692 1071 731 vestro
1108 698 1166 730 ac
1191 680 1298 730 sine
1334 682 1504 730 talium
1530 682 1744 731 virorum
1781 681 2005 732 subsidio

253 774 408 838 possit
449 776 686 824 resistere.
759 784 807 837 4.
849 772 1101 835 Equidem
1143 772 1282 833 quod
1324 772 1390 819 ad
1430 787 1512 819 me
1553 772 1742 832 attinet,
1786 788 1888 836 quo
1924 789 2006 822 me

253 873 440 914 vertam
466 865 663 912 nescio:
702 877 880 925 negem
905 862 1056 909 fuisse
1082 859 1215 908 illam
1252 858 1508 908 infamiam
1545 861 1715 909 iudicii
1751 860 2007 925 corrupti?

255 969 433 1016 negem
476 969 584 1001 esse
625 953 759 1000 illam
801 967 905 999 rem
947 951 1178 1013 agitatam
1221 945 1286 996 in‘
1316 950 1647 1010 contionibus,
1686 950 1918 999 iactatam
1955 951 2006 999 in

256 1043 464 1103 iudiciis,
484 1049 925 1090 commemoratam
942 1040 992 1087 in
1009 1042 1215 1088 senatu?
1248 1039 1455 1087 evellam
1477 1054 1535 1087 ex
1550 1037 1730 1087 animis
1745 1039 2005 1087 hominum

174 1158 234 1189 10
257 1141 443 1180 tantam
469 1129 773 1193 opinionem,
801 1137 903 1177 tarn
936 1128 1132 1191 penitus
1170 1127 1382 1187 insitam,
1410 1136 1510 1175 tam
1536 1135 1778 1175 vetustam
1795 1129 1818 1175 ?
1888 1129 2007 1177 Non

260 1230 333 1270 est
357 1218 516 1268 nostri
541 1217 728 1281 ingenii
750 1237 760 1266 :
795 1216 947 1265 vestri
973 1215 1143 1265 auxilii
1170 1226 1262 1277 est,
1290 1215 1494 1276 iudiceS,
1515 1215 1660 1264 huius
1685 1215 2008 1265 innocentiae

260 1310 329 1358 sic
366 1309 418 1356 in
454 1309 548 1357 hac
585 1306 875 1356 calamitosa
918 1308 1051 1355 fama
1098 1306 1241 1368 quasi
1284 1305 1333 1353 in
1379 1305 1547 1368 aliqua
1585 1304 2008 1369 perniciosissima

259 1399 461 1448 flamma
485 1406 635 1460 atque
661 1396 711 1445 in
740 1395 999 1444 communi
1025 1394 1261 1444 incendio
1289 1394 1568 1444 subvenire.

331 1490 400 1537 II.
440 1496 488 1553 5.
530 1485 733 1535 Etenim
777 1484 904 1534 sicut
953 1483 1061 1533 aliis
1111 1484 1161 1532 in
1211 1484 1336 1533 locis
1385 1500 1560 1547 parum
1610 1483 1912 1534 firmamenti
1959 1493 2010 1535 et

179 1594 235 1643 15
261 1594 433 1642 parurn
482 1577 661 1625 virium
703 1575 882 1624 veritas
926 1576 1092 1635 habet,
1140 1576 1210 1622 sic
1255 1576 1306 1622 in
1355 1574 1454 1623 hoc
1496 1575 1612 1623 loco
1653 1575 1779 1623 falsa
1822 1574 2011 1624 invidia

261 1666 514 1716 imbecilla
552 1681 661 1714 esse
709 1666 890 1713 debet:
952 1662 1240 1712 dominetur
1283 1662 1335 1711 in
1373 1663 1712 1725 contionibuS‚
1761 1663 1922 1713 iaceat
1958 1663 2010 1713 in

264 1755 492 1805 iudiciis:
531 1756 695 1804 valeat
738 1754 789 1802 in
832 1752 1156 1817 opinionibus
1195 1769 1254 1802 ac
1292 1753 1608 1803 sermonibus
1645 1752 2008 1817 imperitorum,

265 1846 328 1894 ab
377 1844 589 1908 ingeniis
628 1843 948 1908 prudentium
989 1842 1308 1906 repudietur:
1345 1843 1670 1892 vehementes
1713 1843 1898 1893 habeat
1937 1860 2010 1894 re-

263 1934 499 1997 pentinos
535 1935 764 1997 impetuS‚
799 1931 961 1995 spatio
998 1933 1292 1996 interposito
1331 1942 1380 1981 et
1417 1949 1570 1981 causa
1605 1931 1806 1996 cognita
1841 1949 2013 1983 conse·

179 2043 240 2075 20
266 2033 467 2073 nescat:
519 2023 737 2087 denique
785 2022 870 2071 illa
917 2022 1143 2071 definitio
1191 2021 1491 2071 iudiciorum
1540 2038 1832 2086 aequorum,
1882 2016 2012 2086 quae

265 2112 412 2162 nobis
448 2129 477 2161 a
513 2111 785 2160 maioribus
827 2110 1009 2160 tradita
1047 2120 1135 2167 est,
1177 2110 1464 2172 retineatur,
1502 2119 1558 2160 ut
1595 2108 1670 2177 [in
1706 2108 1926 2178 iudiciis]
1961 2120 2037 2167 et·

267 2202 373 2250 sine
399 2200 590 2250 invidia
625 2203 775 2264 culpa
810 2202 1056 2264 plectatur
1102 2210 1153 2250 et
1201 2201 1309 2249 sine
1358 2202 1506 2264 culpa
1543 2199 1732 2250 invidia
1777 2208 2010 2264 ponatur.

265 2289 315 2343 6.
355 2292 523 2353 Quam
561 2292 626 2339 ob
663 2306 767 2339 rem
805 2307 834 2339 a
868 2289 1027 2349 vobis,
1066 2289 1273 2350 iudiceS‚
1301 2299 1417 2339 ante
1455 2306 1606 2353 quam
1631 2290 1696 2340 de
1721 2289 1829 2353 ipsa
1864 2271 2016 2340 causa
2072 2274 2089 2347 pf

268 2378 435 2428 dicere
472 2378 675 2442 incipio,
703 2379 828 2427 haec
865 2379 1095 2441 postulo:
1132 2378 1346 2442 primum
1383 2378 1449 2438 id,
1479 2377 1615 2441 quod
1651 2377 2010 2442 aequissimum
2065 2366 2082 2427 J

182 2485 241 2534 25
269 2478 357 2529 est,
385 2478 440 2518 ut
476 2482 539 2518 ne
577 2467 700 2532 quid
724 2470 823 2517 huc
848 2467 1174 2531 praeiudicati
1199 2468 1432 2517 adferatis
1470 2466 1679 2534 (etenim
1716 2483 1821 2517 non
1856 2468 2013 2518 modo

269 2558 633 2618 auctoritatem,
673 2558 762 2607 sed
799 2556 948 2606 etiam
982 2573 1169 2606 nomen
1207 2556 1431 2615 iudicum
1468 2555 1775 2617 amittemus,
1799 2557 1897 2617 nisi
1922 2555 2014 2606 hic

270 2664 330 2697 ex
355 2646 473 2711 ipsis
498 2646 661 2696 causis
686 2645 1018 2696 iudicabimus
1057 2662 1116 2695 ac
1152 2647 1193 2694 si
1229 2647 1293 2694 ad
1331 2662 1508 2695 causas
1543 2645 1732 2695 iudicia
1758 2645 1856 2695 iam
1881 2647 2014 2696 facta

271 2738 425 2786 domo
466 2734 772 2802 deferemus)
793 2755 807 2797 3
853 2735 1040 2785 deinde
1089 2735 1129 2784 si
1173 2752 1324 2799 quarn
1368 2736 1660 2799 opinionem
1700 2738 1801 2786 iam
1842 2738 2015 2786 vestris
2059 2758 2063 2783 ;

273 2824 522 2875 mentibus
561 2823 1024 2888 comprehendistis,
1063 2826 1100 2872 si
1145 2840 1255 2873 eam
1298 2823 1425 2874 ratio
1467 2825 1732 2885 convellet,
1777 2824 1817 2874 si
1855 2826 2015 2875 oratio
2055 2808 2075 2862 s*

183 2933 248 2979 30
271 2914 604 2973 labefactabit,
656 2914 696 2961 si
745 2913 966 2976 denique
1016 2913 1194 2963 veritas
1238 2913 1567 2976 extorquebit,
1617 2930 1681 2964 ne
1729 2913 2015 2978 repugnetis

271 3019 485 3066 eamque
523 3002 705 3050 animis
754 3002 928 3052 vestris
965 3012 1050 3051 aut
1087 3002 1359 3051 libentibus
1395 3012 1480 3051 aut
1515 3005 1690 3067 aequis
1726 3003 2015 3066 remittatis3

271 3103 377 3142 turn
403 3101 587 3151 autem,
615 3109 730 3141 cum
768 3109 860 3156 ego
897 3108 998 3141 una
1033 3109 1235 3156 quaque
1262 3093 1324 3141 de
1362 3109 1413 3141 re
1450 3092 1616 3142 dicam
1641 3102 1691 3143 et
1717 3092 1922 3155 diluam,
1947 3107 2055 3165 nes:
2099 3122 2102 3124 v

270 3181 377 3245 ipsi,
411 3196 540 3244 quae
577 3182 825 3234 contraria
861 3180 971 3240 sint,
1011 3180 1146 3229 taciti
1183 3180 1475 3244 cogitationi
1512 3190 1703 3231 vestrae
1745 3179 2011 3243 subiciatis,
2044 3189 2070 3242 j.

2097 1669 2104 1682 ,ῑ
2089 1516 2106 1649 ”.υεεο.*μ;...-·ει
2094 1337 2103 1347 ·,
2102 1302 2106 1310 ..
