2106 3386
237 161 307 212 26
529 161 683 215 PRO
724 161 794 214 A.
837 161 1255 215 CLUENTIO
1298 163 1623 216 ORATIO.
1708 163 1876 231 [XXV.
1905 163 1975 216 68

236 301 425 351 Staieni
462 300 731 368 [sententia
766 301 1062 369 absolutus]‚
1102 312 1341 366 patronus
1379 312 1546 353 autem
1589 303 1878 353 Scamandri
1912 321 1977 354 ne

235 407 325 439 sua
350 391 555 454 quidem
581 391 830 440 sententia
854 392 1106 452 liberatus,
1133 392 1404 442 acrioribus
1430 392 1576 441 saluti
1602 409 1719 443 suae
1744 392 1978 442 remediis

234 481 634 530 subveniendum
659 481 865 544 putavit.
940 484 985 529 T
989 498 1072 530 um
1097 483 1161 531 ab
1187 482 1406 540 Staieno,
1435 481 1563 530 sicut
1586 483 1648 531 ab
1674 482 1878 531 homine
1913 483 1978 531 ad

235 570 623 633 excogitandum
660 569 965 630 acutissimo,
994 571 1069 640 ad·
1095 572 1387 620 audendum
1425 570 1875 634 impudentissimo,
1913 571 1979 619 ad

183 674 207 723 5
235 661 554 709 efficiendum
581 659 1022 709 acerrimo—haec
1049 661 1180 709 enim
1208 661 1291 710 ille
1318 670 1366 710 et
1392 659 1558 723 aliqua
1582 676 1642 709 ex
1667 670 1805 723 parte
1830 661 1980 710 habe-

234 750 322 798 bat
348 759 397 799 et
423 749 612 797 maiore
642 765 702 798 ex
734 758 874 812 parte
911 765 963 798 se
1002 750 1189 799 habere
1227 749 1799 799 simulabat—auxilium
1826 749 1980 813 capiti

235 855 294 886 ac
320 837 528 887 fortunis
555 837 654 886 suis
680 846 852 900 petere
878 837 1060 901 eoepit.

302 930 461 977 XXV.
504 930 613 976 Iam
651 928 748 976 hoc
785 943 888 976 non
943 927 1198 991 ignoratiS‚
1238 927 1445 988 iudices,
1484 937 1538 976 ut
1586 927 1739 977 etiam
1787 928 1978 978 bestiae

235 1017 364 1065 fame
407 1015 629 1065 monitae
677 1018 972 1080 plerumque
1021 1017 1085 1066 ad
1135 1034 1249 1066 eum
1291 1019 1472 1078 locum,
1519 1016 1605 1066 ubi
1648 1026 1821 1081 pastae
1863 1027 1978 1067 sunt

153 1122 211 1153 10
234 1105 522 1168 aliquando,
550 1114 869 1154 revertantur.
944 1105 1024 1158 68.
1066 1106 1297 1156 Staienus
1334 1107 1416 1156 ille
1453 1105 1658 1155 biennio
1695 1115 1824 1166 ante,
1863 1123 1978 1155 cum

235 1212 435 1245 causam
472 1197 721 1244 bonorum
757 1194 909 1244 Safini
946 1193 1144 1245 Atellae
1180 1196 1468 1260 recepisset,
1504 1196 1744 1246 sescentis
1780 1196 1979 1246 milibus

234 1301 495 1333 nummum
532 1301 586 1334 se
622 1284 863 1335 iudicium
899 1295 1244 1349 corrupturum
1285 1302 1392 1335 esse
1430 1286 1652 1335 dixerat:
1695 1302 1827 1349 quae
1862 1302 1976 1335 cum

235 1374 512 1439 accepisset
537 1391 566 1424 a
591 1376 797 1439 pupillo,
827 1375 1103 1439 suppressit
1127 1396 1136 1425 :
1174 1375 1464 1439 iudicioque
1491 1378 1625 1425 facto
1660 1388 1756 1425 nec
1792 1375 1979 1426 Safinio

236 1481 327 1513 nec
377 1466 625 1514 bonorum
674 1466 982 1529 emptoribus
1029 1465 1260 1515 reddidit.
1360 1467 1525 1528 Quam
1563 1482 1677 1514 cum
1715 1465 1978 1528 pecuniam

153 1566 207 1615 15
234 1554 537 1617 profudisset
564 1564 612 1604 et
639 1556 733 1604 sibi
760 1556 882 1604 nihil
908 1572 1011 1605 non
1036 1557 1193 1605 modo
1218 1557 1283 1605 ad
1309 1555 1613 1620 cupiditates
1638 1571 1766 1615 suas,
1801 1556 1887 1604 sed
1915 1572 1979 1605 ne

236 1643 300 1691 ad
338 1643 688 1694 necessitatem
728 1645 933 1708 quidem
970 1644 1264 1709 reliquisset,
1305 1645 1475 1694 statuit
1512 1648 1577 1695 ad
1627 1646 1831 1695 easdem
1868 1648 1979 1695 esse

234 1732 327 1781 sibi
353 1734 564 1796 praedas
590 1750 649 1782 ac
675 1734 1055 1798 suppressiones
1080 1733 1341 1783 iudiciales
1360 1734 1726 1784 revertendum.
1801 1735 1980 1797 Itaque

234 1839 349 1872 cum
388 1822 730 1886 Oppianicum
773 1823 870 1873 iam
909 1824 1159 1887 perditum
1199 1833 1246 1874 et
1284 1825 1480 1873 duobus
1517 1823 1796 1888 iugulatum
1844 1834 1978 1886 prae-

235 1912 433 1961 iudiciis
475 1913 682 1975 videret,
739 1913 995 1977 promissis
1039 1914 1139 1962 suis
1187 1930 1303 1963 eum
1353 1912 1584 1963 excitavit
1631 1912 1881 1962 abiectum
1931 1921 1980 1962 et

150 2017 212 2046 20
234 2002 382 2051 simul
408 2001 550 2051 saluti
577 2003 842 2066 desperare
868 2002 1036 2052 vetuit.
1136 2002 1448 2066 Oppianicus
1469 2011 1633 2051 autern
1661 2018 1799 2051 orare
1823 2001 1991 2051 homiss

235 2085 351 2141 nem
378 2092 560 2156 coepit,
588 2102 640 2142 ut
666 2092 761 2141 sibi
796 2092 1041 2141 rationem
1080 2093 1368 2142 ostenderet
1404 2091 1574 2141 iudicii
1610 2090 1977 2156 corrumpendi.

301 2181 382 2247 69.
426 2183 518 2230 Ille
543 2191 728 2242 autem,
758 2198 904 2244 quem
933 2183 999 2230 ad
1034 2182 1242 2231 modum
1270 2198 1330 2230 ex
1356 2181 1467 2244 ipso
1493 2179 1779 2244 Oppianico
1804 2190 1980 2243 postea

236 2281 310 2320 est
335 2270 577 2332 auditum,
609 2273 806 2335 negavit
832 2288 1136 2334 quemquam
1162 2288 1270 2320 esse
1297 2271 1345 2318 in
1373 2269 1574 2319 civitate
1599 2279 1792 2334 praeter
1817 2286 1869 2319 se
1894 2272 1980 2333 qui

236 2361 287 2410 id
314 2363 508 2410 efficere
532 2361 705 2424 possit.
779 2362 878 2410 Sed
904 2360 1065 2424 primo
1090 2360 1278 2423 gravari
1305 2360 1486 2423 coepit,
1510 2360 1648 2423 quod
1673 2358 1979 2409 aedilitatem

151 2463 174 2493 2
184 2460 207 2508 5
235 2467 287 2499 se
313 2460 482 2514 petere
507 2467 623 2499 curn
650 2449 941 2499 hominibus
963 2449 1286 2499 nobilissimis
1313 2458 1362 2498 et
1388 2449 1628 2498 invidiam
1654 2458 1803 2512 atque
1830 2450 1980 2498 offen-

169 2551 173 2558 ·
212 2539 429 2600 ‚sionem
479 2540 653 2589 timere
701 2540 916 2589 dicebat.
1026 2542 1146 2589 Post
1197 2548 1423 2588 exoratus
1474 2537 1614 2587 initio
1654 2554 1979 2602 permagnam

235 2629 502 2691 pecuniam
552 2630 816 2693 poposcit:
876 2628 1059 2678 deinde
1108 2630 1173 2677 ad
1222 2628 1272 2676 id
1322 2627 1563 2692 pervenit,
1614 2629 1751 2690 quod
1800 2627 1980 2678 confici

236 2718 428 2782 potuit:
469 2721 556 2768 HS
585 2727 812 2768 sescenta
838 2718 1166 2781 quadraginta
1203 2717 1337 2766 milia
1363 2716 1542 2766 deferri
1579 2718 1644 2766 ad
1682 2733 1734 2765 se
1772 2717 1978 2766 domum

236 2806 388 2856 iussit.
467 2810 612 2869 Quae
647 2807 863 2870 pecunia
901 2808 1046 2856 simul
1083 2817 1232 2870 atque
1269 2808 1334 2856 ad
1371 2823 1484 2855 eum
1510 2806 1676 2856 delata
1711 2814 1799 2866 est,
1827 2807 1979 2856 homo

149 2907 214 2953 30
237 2895 599 2960 impurissimus
627 2897 790 2945 statim
818 2897 985 2960 coepit
1009 2896 1058 2944 in
1087 2896 1192 2945 eius
1219 2897 1356 2944 modi
1384 2905 1553 2945 mente
1590 2905 1640 2944 et
1676 2894 1980 2958 cogitatione

240 2986 430 3044 versari,
471 2985 593 3033 nihil
632 3002 739 3034 esse
778 2987 877 3034 suis
925 2984 1200 3034 rationibus
1242 2984 1410 3033 utilius
1453 3000 1607 3048 quam
1643 2983 1977 3047 Oppianicum

236 3074 595 3123 condemnari:
634 3075 719 3123 illo
745 3075 976 3123 absoluto
1001 3073 1266 3137 pecuniam
1306 3074 1440 3120 illam
1478 3082 1563 3121 aut
1599 3072 1847 3122 iudicibus
1882 3071 1979 3121 dis-

240 3162 551 3235 pergi-endam
589 3172 675 3211 aut
718 3162 808 3226 ipsi
842 3180 950 3212 esse
991 3163 1335 3211 reddundam:
1375 3164 1615 3210 damnato
1653 3159 1975 3224 repetiturum

2060 3311 2106 3386 *t
