2106 3386
121 199 174 240 V.
210 185 295 254 14]
436 185 589 239 PRO
630 186 701 237 A.
743 183 1160 238 CLUENTIO
1205 182 1533 237 ORATIO.
1830 196 1853 249 5

190 329 250 375 V.
278 329 335 376 A.
367 327 629 376 Cluentius
655 324 875 375 Habitus
900 323 1002 384 fuit,
1031 333 1171 387 pater
1206 323 1426 383 huiusce,
1464 322 1670 383 iudices,
1709 324 1861 372 homo

123 432 226 465 non
269 417 431 465 solum
475 413 734 478 municipii
778 412 1039 472 Larinatis,
1086 430 1146 462 ex
1186 430 1290 476 quo
1330 421 1449 472 erat,
1490 413 1579 461 sed
1616 412 1766 461 etiam
1793 429 1862 461 re-

121 502 282 568 gionis
307 502 439 551 illius
465 513 514 552 et
550 502 816 552 vicinitatis
841 503 1032 562 virtute,
1072 501 1456 562 existimatione,
1496 501 1760 550 nobilitate
1797 503 1862 549 sa—

123 591 216 640 cile
253 590 498 655 princeps.
575 593 625 639 Is
662 607 776 639 cum
816 599 946 639 esset
972 599 1196 639 mortuus
1221 591 1356 639 Sulla
1381 600 1430 640 et
1468 589 1711 654 Pompeio
1749 606 1863 639 con-

122 680 326 739 sulibus,
366 679 562 743 reliquit
604 681 739 728 hunc
781 696 938 729 annos
981 697 1045 727 xv
1087 689 1276 739 natum,
1317 680 1556 743 grandem
1599 687 1768 727 autem
1815 688 1864 727 et
1923 696 1946 743 5

123 768 342 818 nubilem
383 768 550 829 filiam,
580 786 708 832 quae
732 768 870 818 brevi
911 778 1137 832 tempore
1177 778 1291 832 post
1316 768 1468 832 patris
1506 776 1717 817 mortem
1743 783 1863 830 nup-

123 859 184 907 sit
221 861 280 907 A.
319 858 477 907 Aurio
516 858 724 919 Melino,
763 858 1068 908 consobrino
1111 874 1219 918 suo,
1259 857 1569 907 adulescenti
1594 856 1644 905 in
1677 856 1861 920 primis,

123 956 176 996 ut
201 957 306 996 tum
332 948 621 1008 habebatur,
651 947 779 998 inter
805 964 919 997 suos
946 957 995 997 et
1035 949 1250 997 honesto
1292 956 1342 996 et
1368 946 1571 1006 nobili.s‘
1616 957 1692 998 12.
1734 947 1863 996 Cum

123 1045 288 1085 essent
326 1053 416 1086 eae
456 1036 660 1100 nuptiae
696 1039 876 1100 plenae
914 1036 1182 1100 dignitatis,
1220 1038 1400 1100 plenae
1442 1035 1758 1095 concordiae,
1797 1052 1866 1083 re-

123 1134 274 1188 pente
311 1134 386 1174 est
422 1134 593 1175 exorta
627 1125 846 1175 mulieris
883 1125 1203 1189 importunae
1240 1126 1429 1174 nefaria
1464 1124 1622 1174 libido
1658 1141 1761 1173 non
1787 1141 1867 1173 so-
1896 1144 1953 1174 10

122 1216 223 1262 lum
250 1215 514 1275 dedecore,
542 1232 716 1264 verum
745 1215 894 1265 etiam
933 1217 1118 1265 scelere
1156 1215 1439 1264 coniuncta.
1516 1216 1650 1263 Nam
1686 1214 1864 1272 Sassia,

122 1312 279 1353 mater
301 1303 447 1353 huius
474 1304 888 1369 Habiti—mater
913 1303 1047 1354 enim
1074 1322 1103 1368 a
1128 1321 1209 1354 me
1235 1305 1286 1352 in
1313 1303 1450 1379 omni
1476 1320 1642 1362 causa,
1669 1302 1866 1352 tametsi

122 1392 172 1440 in
198 1394 333 1441 hune
358 1393 531 1442 hostili
557 1393 677 1443 odio
703 1403 753 1444 et
778 1394 1071 1443 crudelitate
1110 1403 1197 1454 est,
1237 1403 1406 1453 mater,
1446 1392 1663 1456 inquam,
1702 1393 1867 1455 appel—

122 1481 316 1545 labitur,
343 1498 507 1546 neque
532 1499 771 1546 umquam
796 1483 879 1532 illa
915 1482 984 1532 ita
1020 1484 1084 1532 de
1122 1499 1213 1540 suo
1251 1484 1437 1531 scelere
1474 1491 1522 1531 et
1559 1480 1867 1548 immanitate

122 1571 304 1634 audiet,
331 1580 385 1621 ut
410 1581 615 1622 naturae
641 1589 828 1622 nomen
857 1572 1082 1621 amittat:
1109 1588 1209 1635 quo
1235 1570 1369 1620 enim
1397 1581 1471 1620 est
1495 1570 1659 1635 ipsum
1679 1586 1866 1619 nomen
1895 1589 1950 1638 15

122 1662 366 1709 amantius
403 1661 842 1725 indulgentiusque
879 1647 1172 1722 maternum,
1212 1662 1309 1710 hoc
1346 1658 1476 1710 illius
1513 1658 1698 1719 matris,
1738 1675 1867 1722 quae

123 1751 305 1799 multos
353 1752 452 1799 iam
488 1767 648 1801 annos
685 1760 734 1801 et
770 1768 906 1800 nunc
942 1768 1058 1801 cum
1095 1750 1311 1800 maxime
1349 1749 1506 1798 filium
1550 1750 1863 1815 interfectum

122 1839 271 1904 cupit,
317 1839 564 1904 singulare
607 1843 769 1891 scelus
812 1841 999 1891 maiore
1042 1843 1162 1891 odio
1207 1842 1414 1905 dignum
1457 1856 1565 1890 esse
1604 1839 1866 1889 ducetis——

124 1946 183 1978 ea
217 1928 363 1993 igitur
399 1939 557 1980 mater
596 1931 788 1991 Habiti,
830 1930 1009 1980 Melini
1030 1931 1176 2003 *illius
1202 1931 1551 1988 adulescentiS,
1578 1930 1748 1993 generi
1775 1930 1864 1988 sui,

122 2027 297 2068 contra
332 2036 484 2083 quam
521 2022 593 2069 fas
631 2030 749 2082 erat,
787 2037 956 2070 amore
994 2004 1154 2084 capta,
1194 2019 1371 2084 primo,
1411 2035 1575 2082 neque
1613 2018 1664 2067 id
1701 2018 1864 2082 ipsum
1893 2038 1954 2069 20

122 2107 222 2169 diu,
261 2125 466 2172 quoquo
504 2110 658 2160 modo
702 2119 910 2174 poterat,
948 2109 1000 2158 in
1037 2109 1120 2159 illa
1156 2109 1430 2173 cupiditate
1466 2126 1512 2157 se
1547 2109 1866 2158 continebat:

124 2197 308 2248 deinde
344 2198 413 2248 ita
446 2200 652 2264 flagrare
689 2199 856 2264 coepit
893 2201 1126 2259 amentia,
1165 2198 1235 2248 sic
1272 2199 1580 2248 inflammata
1615 2198 1728 2248 ferri
1764 2200 1867 2248 libi-

123 2288 256 2347 dine,
285 2297 339 2337 ut
366 2305 476 2337 eam
501 2305 604 2339 non
630 2290 807 2353 pudor,
843 2306 946 2339 non
982 2288 1240 2353 pudicitia,
1279 2305 1382 2338 non
1417 2289 1590 2351 pietas,
1628 2306 1731 2338 non
1768 2306 1868 2337 ma—

122 2377 234 2425 cula
258 2376 487 2438 familiae,
516 2395 618 2428 non
654 2379 914 2429 hominum
954 2381 1100 2438 fama,
1138 2395 1242 2428 non
1278 2378 1364 2426 filii
1400 2379 1560 2439 dolor,
1597 2394 1701 2428 non
1737 2378 1866 2427 filiae

125 2481 316 2516 maeror
361 2484 391 2515 a
437 2467 710 2532 cupiditate
767 2478 1036 2518 revocaret.
1113 2481 1188 2533 13.
1228 2467 1467 2517 Animum
1516 2467 1864 2529 adulescentiS,
1894 2482 1953 2531 25

124 2554 351 2604 nondum
398 2556 610 2605 consilio
647 2573 706 2606 ac
747 2558 939 2607 ratione
976 2559 1240 2617 firmatum,
1279 2557 1484 2620 pellexit
1522 2556 1593 2606 eis
1631 2556 1865 2606 omnibus

121 2646 282 2705 rebus,
322 2644 502 2708 quibus
539 2646 622 2696 illa
657 2656 792 2696 aetas
829 2647 941 2711 capi
977 2664 1036 2696 ac
1073 2646 1268 2696 deliniri
1303 2655 1483 2709 potest.
1558 2646 1696 2706 Filia,
1737 2663 1865 2710 quae

125 2749 226 2783 non
268 2736 430 2783 solum
470 2735 556 2785 illo
598 2736 855 2786 communi
894 2737 1067 2786 dolore
1107 2735 1334 2785 muliebri
1373 2735 1425 2783 in
1462 2737 1565 2784 eius
1602 2735 1741 2785 modi
1777 2735 1865 2784 viri

123 2821 309 2882 iniuriis
348 2834 621 2887 angeretur,
664 2827 755 2875 sed
797 2827 1042 2876 nefarium
1083 2824 1251 2874 matris
1291 2826 1559 2888 pelicatum
1598 2826 1722 2875 ferre
1762 2841 1863 2873 non

125 2922 306 2975 posset,
350 2912 413 2962 de
449 2929 549 2975 quo
586 2930 649 2963 ne
685 2916 825 2977 queri
861 2916 1067 2979 quidem
1105 2931 1157 2963 se
1194 2914 1299 2962 sine
1337 2915 1521 2963 scelere
1557 2930 1707 2976 posse
1743 2913 1866 2962 arbi-
1889 2927 1953 2973 30

126 3007 346 3061 traretur,
400 3011 592 3051 ceteros
641 3004 717 3052 sui
764 3004 887 3052 tanti
934 3004 1052 3053 mali
1100 3005 1298 3067 ignaros
1346 3019 1455 3052 esse
1502 3003 1766 3066 cupiebat:
1813 3002 1863 3050 in

127 3089 274 3140 huius
309 3091 637 3141 amantissimi
673 3092 749 3142 sui
783 3093 940 3143 fratris
978 3094 1208 3142 manibus
1247 3102 1295 3142 et
1330 3094 1519 3156 gremio
1556 3108 1778 3142 maerore
1817 3101 1866 3140 et

126 3179 340 3230 lacrimis
364 3183 771 3232 consenescebat.
848 3193 923 3247 14.
967 3185 1098 3232 Ecce
1123 3190 1290 3232 autem
1329 3183 1544 3231 subitum
1581 3181 1863 3240 divortium,
