<?xml version="1.0" encoding="UTF-8"?>
<!DOCTYPE html PUBLIC "-//W3C//DTD XHTML 1.0 Transitional//EN"
    "http://www.w3.org/TR/xhtml1/DTD/xhtml1-transitional.dtd">
<html xmlns="http://www.w3.org/1999/xhtml" xml:lang="en" lang="en">
 <head>
  <title>
</title>
<meta http-equiv="Content-Type" content="text/html;charset=utf-8" />
  <meta name='ocr-system' content='tesseract 3.04.00' />
  <meta name='ocr-capabilities' content='ocr_page ocr_carea ocr_par ocr_line ocrx_word'/>
</head>
<body>
  <div class='ocr_page' id='page_1' title='image "1887proacluentioo00cice_0107.png"; bbox 0 0 2106 3386; ppageno 0'>
   <div class='ocr_carea' id='block_1_1' title="bbox 133 120 1869 189">
    <p class='ocr_par' dir='ltr' id='par_1_1' title="bbox 133 120 1869 189">
     <span class='ocr_line' id='line_1_1' title="bbox 133 120 1869 189; baseline -0.003 -15"><span class='ocrx_word' id='word_1_1' title='bbox 133 133 254 174; x_wconf 85' lang='lat' dir='ltr'>XLI.</span> <span class='ocrx_word' id='word_1_2' title='bbox 290 121 412 189; x_wconf 86' lang='lat'>115]</span> <span class='ocrx_word' id='word_1_3' title='bbox 494 121 647 173; x_wconf 90' lang='lat' dir='ltr'>PRO</span> <span class='ocrx_word' id='word_1_4' title='bbox 689 121 757 172; x_wconf 86' lang='lat' dir='ltr'>A.</span> <span class='ocrx_word' id='word_1_5' title='bbox 800 120 1217 173; x_wconf 90' lang='lat' dir='ltr'><strong>CLUENTIO</strong></span> <span class='ocrx_word' id='word_1_6' title='bbox 1261 121 1586 173; x_wconf 83' lang='lat' dir='ltr'><strong>ORATIO.</strong></span> <span class='ocrx_word' id='word_1_7' title='bbox 1800 135 1869 186; x_wconf 86' lang='lat'>43</span> 
     </span>
    </p>
   </div>
   <div class='ocr_carea' id='block_1_2' title="bbox 74 258 1970 3177">
    <p class='ocr_par' dir='ltr' id='par_1_2' title="bbox 129 258 1873 413">
     <span class='ocr_line' id='line_1_2' title="bbox 130 258 1873 325; baseline -0.003 -15"><span class='ocrx_word' id='word_1_8' title='bbox 130 259 470 325; x_wconf 85' lang='lat' dir='ltr'>adrogantiam</span> <span class='ocrx_word' id='word_1_9' title='bbox 523 259 629 310; x_wconf 90' lang='lat' dir='ltr'>eius</span> <span class='ocrx_word' id='word_1_10' title='bbox 682 259 1012 309; x_wconf 86' lang='lat' dir='ltr'>deridendam</span> <span class='ocrx_word' id='word_1_11' title='bbox 1060 259 1217 322; x_wconf 91' lang='lat' dir='ltr'>magis</span> <span class='ocrx_word' id='word_1_12' title='bbox 1275 258 1626 308; x_wconf 85' lang='lat' dir='ltr'>arbitrarentur</span> <span class='ocrx_word' id='word_1_13' title='bbox 1673 268 1873 321; x_wconf 86' lang='lat' dir='ltr'>propter</span> 
     </span>
     <span class='ocr_line' id='line_1_3' title="bbox 129 347 1455 413; baseline -0.001 -16"><span class='ocrx_word' id='word_1_14' title='bbox 129 348 461 399; x_wconf 89' lang='lat' dir='ltr'>humilitatem</span> <span class='ocrx_word' id='word_1_15' title='bbox 486 347 703 399; x_wconf 91' lang='lat' dir='ltr'>hominis</span> <span class='ocrx_word' id='word_1_16' title='bbox 728 365 880 413; x_wconf 90' lang='lat' dir='ltr'>quam</span> <span class='ocrx_word' id='word_1_17' title='bbox 905 347 1369 412; x_wconf 85' lang='lat' dir='ltr'>pertimescendam.</span> <span class='ocrx_word' id='word_1_18' title='bbox 1451 373 1455 376; x_wconf 92' lang='lat'><strong>·</strong></span> 
     </span>
    </p>

    <p class='ocr_par' dir='ltr' id='par_1_3' title="bbox 74 435 1967 2019">
     <span class='ocr_line' id='line_1_4' title="bbox 195 435 1874 510; baseline -0.001 -24"><span class='ocrx_word' id='word_1_19' title='bbox 195 440 331 487; x_wconf 87' lang='lat' dir='ltr'>XLI.</span> <span class='ocrx_word' id='word_1_20' title='bbox 371 439 485 498; x_wconf 91' lang='lat' dir='ltr'>Sed,</span> <span class='ocrx_word' id='word_1_21' title='bbox 514 447 567 487; x_wconf 87' lang='lat' dir='ltr'>ut</span> <span class='ocrx_word' id='word_1_22' title='bbox 591 438 708 487; x_wconf 91' lang='lat' dir='ltr'>illuc</span> <span class='ocrx_word' id='word_1_23' title='bbox 731 445 960 510; x_wconf 81' lang='lat' dir='ltr'>revertar,</span> <span class='ocrx_word' id='word_1_24' title='bbox 989 454 1090 501; x_wconf 93' lang='lat' dir='ltr'>quo</span> <span class='ocrx_word' id='word_1_25' title='bbox 1115 445 1340 503; x_wconf 89' lang='lat' dir='ltr'>tempore</span> <span class='ocrx_word' id='word_1_26' title='bbox 1367 435 1707 486; x_wconf 89' lang='lat' dir='ltr'>Fidiculanius</span> <span class='ocrx_word' id='word_1_27' title='bbox 1731 437 1874 505; x_wconf 90' lang='lat' dir='ltr'>abso-</span> 
     </span>
     <span class='ocr_line' id='line_1_5' title="bbox 128 526 1872 602; baseline 0.001 -26"><span class='ocrx_word' id='word_1_28' title='bbox 128 530 259 577; x_wconf 90' lang='lat' dir='ltr'>lutus</span> <span class='ocrx_word' id='word_1_29' title='bbox 276 536 364 589; x_wconf 89' lang='lat' dir='ltr'>est,</span> <span class='ocrx_word' id='word_1_30' title='bbox 391 537 460 590; x_wconf 90' lang='lat' dir='ltr'>tu,</span> <span class='ocrx_word' id='word_1_31' title='bbox 488 528 573 592; x_wconf 91' lang='lat' dir='ltr'>qui</span> <span class='ocrx_word' id='word_1_32' title='bbox 598 527 781 577; x_wconf 84' lang='lat' dir='ltr'>iudicia</span> <span class='ocrx_word' id='word_1_33' title='bbox 815 529 945 598; x_wconf 83' lang='lat' dir='ltr'>facta</span> <span class='ocrx_word' id='word_1_34' title='bbox 979 543 1359 602; x_wconf 79' lang='lat' dir='ltr'>commemoras,</span> <span class='ocrx_word' id='word_1_35' title='bbox 1388 543 1589 591; x_wconf 81' lang='lat' dir='ltr'>quaem,</span> <span class='ocrx_word' id='word_1_36' title='bbox 1618 526 1741 591; x_wconf 92' lang='lat' dir='ltr'>quid</span> <span class='ocrx_word' id='word_1_37' title='bbox 1766 534 1872 577; x_wconf 90' lang='lat' dir='ltr'>tum</span> 
     </span>
     <span class='ocr_line' id='line_1_6' title="bbox 127 597 1958 680; baseline -0.002 -14"><span class='ocrx_word' id='word_1_38' title='bbox 127 633 236 666; x_wconf 89' lang='lat' dir='ltr'>esse</span> <span class='ocrx_word' id='word_1_39' title='bbox 285 597 534 666; x_wconf 84' lang='lat' dir='ltr'>existimas</span> <span class='ocrx_word' id='word_1_40' title='bbox 582 616 896 666; x_wconf 88' lang='lat' dir='ltr'>iudicatum?</span> <span class='ocrx_word' id='word_1_41' title='bbox 932 625 1065 665; x_wconf 90' lang='lat' dir='ltr'>certe</span> <span class='ocrx_word' id='word_1_42' title='bbox 1112 616 1261 680; x_wconf 88' lang='lat' dir='ltr'>gratis</span> <span class='ocrx_word' id='word_1_43' title='bbox 1298 617 1557 665; x_wconf 85' lang='lat' dir='ltr'>iudicasse.</span> <span class='ocrx_word' id='word_1_44' title='bbox 1658 627 1766 680; x_wconf 89' lang='lat'>113.</span> <span class='ocrx_word' id='word_1_45' title='bbox 1807 618 1874 664; x_wconf 89' lang='lat' dir='ltr'>At</span> <span class='ocrx_word' id='word_1_46' title='bbox 1935 630 1958 677; x_wconf 88' lang='lat'><strong>5</strong></span> 
     </span>
     <span class='ocr_line' id='line_1_7' title="bbox 127 686 1876 756; baseline -0.001 -2"><span class='ocrx_word' id='word_1_47' title='bbox 127 688 488 755; x_wconf 84' lang='lat' dir='ltr'>condemnarat</span> <span class='ocrx_word' id='word_1_48' title='bbox 510 726 520 755; x_wconf 90' lang='lat'>:</span> <span class='ocrx_word' id='word_1_49' title='bbox 554 715 606 755; x_wconf 89' lang='lat' dir='ltr'>at</span> <span class='ocrx_word' id='word_1_50' title='bbox 630 723 831 755; x_wconf 91' lang='lat' dir='ltr'>causam</span> <span class='ocrx_word' id='word_1_51' title='bbox 856 686 1014 756; x_wconf 86' lang='lat' dir='ltr'>totam</span> <span class='ocrx_word' id='word_1_52' title='bbox 1039 722 1143 755; x_wconf 92' lang='lat' dir='ltr'>non</span> <span class='ocrx_word' id='word_1_53' title='bbox 1168 705 1393 755; x_wconf 87' lang='lat' dir='ltr'>audierat</span> <span class='ocrx_word' id='word_1_54' title='bbox 1418 725 1427 755; x_wconf 92' lang='lat'>:</span> <span class='ocrx_word' id='word_1_55' title='bbox 1464 714 1515 755; x_wconf 89' lang='lat' dir='ltr'>at</span> <span class='ocrx_word' id='word_1_56' title='bbox 1540 706 1589 754; x_wconf 83' lang='lat' dir='ltr'>in</span> <span class='ocrx_word' id='word_1_57' title='bbox 1629 704 1876 754; x_wconf 91' lang='lat' dir='ltr'>contioni-</span> 
     </span>
     <span class='ocr_line' id='line_1_8' title="bbox 127 795 1874 859; baseline -0.001 -15"><span class='ocrx_word' id='word_1_58' title='bbox 127 796 220 844; x_wconf 91' lang='lat' dir='ltr'>bus</span> <span class='ocrx_word' id='word_1_59' title='bbox 256 812 285 844; x_wconf 92' lang='lat' dir='ltr'>a</span> <span class='ocrx_word' id='word_1_60' title='bbox 321 797 376 845; x_wconf 90' lang='lat' dir='ltr'>L.</span> <span class='ocrx_word' id='word_1_61' title='bbox 418 795 656 858; x_wconf 86' lang='lat' dir='ltr'>Quinctio</span> <span class='ocrx_word' id='word_1_62' title='bbox 691 796 1012 845; x_wconf 88' lang='lat' dir='ltr'>vehementer</span> <span class='ocrx_word' id='word_1_63' title='bbox 1047 804 1154 845; x_wconf 86' lang='lat' dir='ltr'>erat</span> <span class='ocrx_word' id='word_1_64' title='bbox 1187 804 1236 844; x_wconf 88' lang='lat' dir='ltr'>et</span> <span class='ocrx_word' id='word_1_65' title='bbox 1273 811 1425 859; x_wconf 78' lang='lat' dir='ltr'>saepe</span> <span class='ocrx_word' id='word_1_66' title='bbox 1460 803 1681 844; x_wconf 87' lang='lat' dir='ltr'>vexatus.</span> <span class='ocrx_word' id='word_1_67' title='bbox 1779 795 1874 842; x_wconf 92' lang='lat' dir='ltr'>Illa</span> 
     </span>
     <span class='ocr_line' id='line_1_9' title="bbox 125 882 1870 948; baseline -0.001 -16"><span class='ocrx_word' id='word_1_68' title='bbox 125 882 272 948; x_wconf 88' lang='lat' dir='ltr'>igitur</span> <span class='ocrx_word' id='word_1_69' title='bbox 306 884 476 934; x_wconf 92' lang='lat' dir='ltr'>omnia</span> <span class='ocrx_word' id='word_1_70' title='bbox 514 884 817 948; x_wconf 84' lang='lat' dir='ltr'>Quinctiana</span> <span class='ocrx_word' id='word_1_71' title='bbox 858 884 1044 948; x_wconf 89' lang='lat' dir='ltr'>iniqua,</span> <span class='ocrx_word' id='word_1_72' title='bbox 1084 886 1220 944; x_wconf 90' lang='lat' dir='ltr'>falsa,</span> <span class='ocrx_word' id='word_1_73' title='bbox 1260 885 1557 944; x_wconf 88' lang='lat' dir='ltr'>turbulenta,</span> <span class='ocrx_word' id='word_1_74' title='bbox 1597 882 1870 948; x_wconf 87' lang='lat' dir='ltr'>popularia,</span> 
     </span>
     <span class='ocr_line' id='line_1_10' title="bbox 128 973 1872 1037; baseline -0.001 -16"><span class='ocrx_word' id='word_1_75' title='bbox 128 973 364 1023; x_wconf 90' lang='lat' dir='ltr'>seditiosa</span> <span class='ocrx_word' id='word_1_76' title='bbox 389 974 573 1034; x_wconf 88' lang='lat' dir='ltr'>iudicia</span> <span class='ocrx_word' id='word_1_77' title='bbox 596 976 809 1023; x_wconf 89' lang='lat' dir='ltr'>fuerunt.</span> <span class='ocrx_word' id='word_1_78' title='bbox 883 977 1006 1023; x_wconf 90' lang='lat' dir='ltr'>Esto</span> <span class='ocrx_word' id='word_1_79' title='bbox 1027 993 1037 1022; x_wconf 74' lang='grc' dir='ltr'>ε</span> <span class='ocrx_word' id='word_1_80' title='bbox 1062 973 1227 1037; x_wconf 93' lang='lat' dir='ltr'>potuit</span> <span class='ocrx_word' id='word_1_81' title='bbox 1253 990 1363 1022; x_wconf 90' lang='lat' dir='ltr'>esse</span> <span class='ocrx_word' id='word_1_82' title='bbox 1386 973 1630 1022; x_wconf 89' lang='lat' dir='ltr'>innocens</span> <span class='ocrx_word' id='word_1_83' title='bbox 1652 973 1872 1021; x_wconf 89' lang='lat' dir='ltr'>Falcula.</span> 
     </span>
     <span class='ocr_line' id='line_1_11' title="bbox 129 1060 1963 1130; baseline -0.003 -19"><span class='ocrx_word' id='word_1_84' title='bbox 129 1065 238 1111; x_wconf 91' lang='lat' dir='ltr'>Iam</span> <span class='ocrx_word' id='word_1_85' title='bbox 280 1080 397 1127; x_wconf 91' lang='lat' dir='ltr'>ergo</span> <span class='ocrx_word' id='word_1_86' title='bbox 439 1063 591 1128; x_wconf 87' lang='lat' dir='ltr'>aliqui</span> <span class='ocrx_word' id='word_1_87' title='bbox 631 1062 970 1127; x_wconf 90' lang='lat' dir='ltr'>Oppianicum</span> <span class='ocrx_word' id='word_1_88' title='bbox 1009 1062 1160 1127; x_wconf 87' lang='lat' dir='ltr'>gratis</span> <span class='ocrx_word' id='word_1_89' title='bbox 1200 1063 1589 1112; x_wconf 89' lang='lat' dir='ltr'>condemnavit:</span> <span class='ocrx_word' id='word_1_90' title='bbox 1636 1060 1737 1130; x_wconf 83' lang='lat' dir='ltr'>iam</span> <span class='ocrx_word' id='word_1_91' title='bbox 1772 1078 1875 1111; x_wconf 89' lang='lat' dir='ltr'>non</span> <span class='ocrx_word' id='word_1_92' title='bbox 1906 1075 1963 1106; x_wconf 92' lang='lat'>10</span> 
     </span>
     <span class='ocr_line' id='line_1_12' title="bbox 128 1134 1876 1219; baseline -0.001 -18"><span class='ocrx_word' id='word_1_93' title='bbox 128 1134 409 1219; x_wconf 78' lang='lat' dir='ltr'>eosIunius</span> <span class='ocrx_word' id='word_1_94' title='bbox 434 1153 731 1202; x_wconf 89' lang='lat' dir='ltr'>subsortitus</span> <span class='ocrx_word' id='word_1_95' title='bbox 758 1162 845 1213; x_wconf 90' lang='lat' dir='ltr'>est,</span> <span class='ocrx_word' id='word_1_96' title='bbox 868 1152 958 1216; x_wconf 91' lang='lat' dir='ltr'>qui</span> <span class='ocrx_word' id='word_1_97' title='bbox 976 1151 1194 1216; x_wconf 90' lang='lat' dir='ltr'>pecunia</span> <span class='ocrx_word' id='word_1_98' title='bbox 1217 1160 1427 1215; x_wconf 89' lang='lat' dir='ltr'>accepta</span> <span class='ocrx_word' id='word_1_99' title='bbox 1447 1151 1844 1200; x_wconf 89' lang='lat' dir='ltr'>condemnarent</span> <span class='ocrx_word' id='word_1_100' title='bbox 1867 1171 1876 1199; x_wconf 92' lang='lat'>:</span> 
     </span>
     <span class='ocr_line' id='line_1_13' title="bbox 127 1240 1877 1312; baseline -0.001 -23"><span class='ocrx_word' id='word_1_101' title='bbox 127 1240 225 1289; x_wconf 90' lang='lat' dir='ltr'>iam</span> <span class='ocrx_word' id='word_1_102' title='bbox 263 1240 515 1312; x_wconf 86' lang='lat' dir='ltr'>putabitur</span> <span class='ocrx_word' id='word_1_103' title='bbox 539 1241 692 1306; x_wconf 84' lang='lat' dir='ltr'>aliqui</span> <span class='ocrx_word' id='word_1_104' title='bbox 716 1243 780 1290; x_wconf 91' lang='lat' dir='ltr'>ab</span> <span class='ocrx_word' id='word_1_105' title='bbox 805 1241 947 1291; x_wconf 92' lang='lat' dir='ltr'>initio</span> <span class='ocrx_word' id='word_1_106' title='bbox 984 1258 1087 1291; x_wconf 91' lang='lat' dir='ltr'>non</span> <span class='ocrx_word' id='word_1_107' title='bbox 1124 1240 1312 1291; x_wconf 88' lang='lat' dir='ltr'>sedisse</span> <span class='ocrx_word' id='word_1_108' title='bbox 1348 1250 1397 1290; x_wconf 88' lang='lat' dir='ltr'>et</span> <span class='ocrx_word' id='word_1_109' title='bbox 1432 1250 1602 1290; x_wconf 89' lang='lat' dir='ltr'>tamen</span> <span class='ocrx_word' id='word_1_110' title='bbox 1638 1240 1877 1304; x_wconf 90' lang='lat' dir='ltr'>Oppiani-</span> 
     </span>
     <span class='ocr_line' id='line_1_14' title="bbox 128 1329 1873 1395; baseline 0 -17"><span class='ocrx_word' id='word_1_111' title='bbox 128 1347 240 1379; x_wconf 92' lang='lat' dir='ltr'>cum</span> <span class='ocrx_word' id='word_1_112' title='bbox 299 1331 447 1395; x_wconf 89' lang='lat' dir='ltr'>gratis</span> <span class='ocrx_word' id='word_1_113' title='bbox 506 1331 883 1381; x_wconf 90' lang='lat' dir='ltr'>condemnasse.</span> <span class='ocrx_word' id='word_1_114' title='bbox 982 1333 1189 1392; x_wconf 91' lang='lat' dir='ltr'>Verum,</span> <span class='ocrx_word' id='word_1_115' title='bbox 1251 1329 1292 1380; x_wconf 92' lang='lat' dir='ltr'>si</span> <span class='ocrx_word' id='word_1_116' title='bbox 1350 1330 1592 1380; x_wconf 89' lang='lat' dir='ltr'>innocens</span> <span class='ocrx_word' id='word_1_117' title='bbox 1653 1331 1873 1389; x_wconf 83' lang='lat' dir='ltr'>Falcula,</span> 
     </span>
     <span class='ocr_line' id='line_1_15' title="bbox 127 1420 1875 1486; baseline -0.001 -17"><span class='ocrx_word' id='word_1_118' title='bbox 127 1437 311 1484; x_wconf 89' lang='lat' dir='ltr'>quaero</span> <span class='ocrx_word' id='word_1_119' title='bbox 371 1421 456 1486; x_wconf 94' lang='lat' dir='ltr'>qui</span> <span class='ocrx_word' id='word_1_120' title='bbox 514 1421 576 1471; x_wconf 90' lang='lat' dir='ltr'>sit</span> <span class='ocrx_word' id='word_1_121' title='bbox 629 1425 856 1471; x_wconf 86' lang='lat' dir='ltr'>nocens?</span> <span class='ocrx_word' id='word_1_122' title='bbox 903 1421 944 1471; x_wconf 90' lang='lat' dir='ltr'>si</span> <span class='ocrx_word' id='word_1_123' title='bbox 1004 1422 1086 1470; x_wconf 91' lang='lat' dir='ltr'>hic</span> <span class='ocrx_word' id='word_1_124' title='bbox 1134 1422 1285 1485; x_wconf 90' lang='lat' dir='ltr'>gratis</span> <span class='ocrx_word' id='word_1_125' title='bbox 1334 1420 1709 1481; x_wconf 87' lang='lat' dir='ltr'>condemnavit,</span> <span class='ocrx_word' id='word_1_126' title='bbox 1763 1422 1875 1483; x_wconf 86' lang='lat' dir='ltr'>quis</span> 
     </span>
     <span class='ocr_line' id='line_1_16' title="bbox 74 1510 1961 1575; baseline -0.001 -16"><span class='ocrx_word' id='word_1_127' title='bbox 74 1516 78 1517; x_wconf 48' lang='lat'><em>⁷</em></span> <span class='ocrx_word' id='word_1_128' title='bbox 127 1511 358 1574; x_wconf 91' lang='lat' dir='ltr'>accepit?</span> <span class='ocrx_word' id='word_1_129' title='bbox 415 1512 563 1575; x_wconf 90' lang='lat' dir='ltr'>Nego</span> <span class='ocrx_word' id='word_1_130' title='bbox 610 1528 713 1560; x_wconf 92' lang='lat' dir='ltr'>rem</span> <span class='ocrx_word' id='word_1_131' title='bbox 751 1528 859 1560; x_wconf 90' lang='lat' dir='ltr'>esse</span> <span class='ocrx_word' id='word_1_132' title='bbox 896 1513 1049 1560; x_wconf 85' lang='lat' dir='ltr'>ullam</span> <span class='ocrx_word' id='word_1_133' title='bbox 1099 1511 1335 1574; x_wconf 89' lang='lat' dir='ltr'>cuiquam</span> <span class='ocrx_word' id='word_1_134' title='bbox 1371 1510 1568 1560; x_wconf 91' lang='lat' dir='ltr'>illorum</span> <span class='ocrx_word' id='word_1_135' title='bbox 1606 1510 1872 1570; x_wconf 86' lang='lat' dir='ltr'>obiectam,</span> <span class='ocrx_word' id='word_1_136' title='bbox 1906 1518 1961 1567; x_wconf 86' lang='lat'>15</span> 
     </span>
     <span class='ocr_line' id='line_1_17' title="bbox 128 1598 1876 1664; baseline -0.001 -17"><span class='ocrx_word' id='word_1_137' title='bbox 128 1615 256 1663; x_wconf 89' lang='lat' dir='ltr'>quae</span> <span class='ocrx_word' id='word_1_138' title='bbox 294 1599 604 1651; x_wconf 90' lang='lat' dir='ltr'>Fidiculanio</span> <span class='ocrx_word' id='word_1_139' title='bbox 639 1616 742 1649; x_wconf 91' lang='lat' dir='ltr'>non</span> <span class='ocrx_word' id='word_1_140' title='bbox 768 1602 967 1650; x_wconf 89' lang='lat' dir='ltr'>obiecta</span> <span class='ocrx_word' id='word_1_141' title='bbox 993 1600 1067 1661; x_wconf 88' lang='lat' dir='ltr'>sit,</span> <span class='ocrx_word' id='word_1_142' title='bbox 1096 1599 1286 1664; x_wconf 90' lang='lat' dir='ltr'>aliquid</span> <span class='ocrx_word' id='word_1_143' title='bbox 1323 1598 1473 1649; x_wconf 90' lang='lat' dir='ltr'>fuisse</span> <span class='ocrx_word' id='word_1_144' title='bbox 1509 1599 1559 1647; x_wconf 92' lang='lat' dir='ltr'>in</span> <span class='ocrx_word' id='word_1_145' title='bbox 1598 1598 1876 1647; x_wconf 89' lang='lat' dir='ltr'>Fidiculani</span> 
     </span>
     <span class='ocr_line' id='line_1_18' title="bbox 128 1688 1878 1753; baseline -0.001 -16"><span class='ocrx_word' id='word_1_146' title='bbox 128 1704 289 1748; x_wconf 90' lang='lat' dir='ltr'>causa,</span> <span class='ocrx_word' id='word_1_147' title='bbox 331 1690 468 1752; x_wconf 92' lang='lat' dir='ltr'>quod</span> <span class='ocrx_word' id='word_1_148' title='bbox 505 1688 640 1738; x_wconf 91' lang='lat' dir='ltr'>idem</span> <span class='ocrx_word' id='word_1_149' title='bbox 690 1705 793 1739; x_wconf 92' lang='lat' dir='ltr'>non</span> <span class='ocrx_word' id='word_1_150' title='bbox 834 1699 964 1739; x_wconf 90' lang='lat' dir='ltr'>esset</span> <span class='ocrx_word' id='word_1_151' title='bbox 1003 1690 1054 1738; x_wconf 93' lang='lat' dir='ltr'>in</span> <span class='ocrx_word' id='word_1_152' title='bbox 1098 1699 1391 1739; x_wconf 90' lang='lat' dir='ltr'>ceterorum.</span> <span class='ocrx_word' id='word_1_153' title='bbox 1486 1700 1594 1753; x_wconf 90' lang='lat'>114.</span> <span class='ocrx_word' id='word_1_154' title='bbox 1635 1691 1738 1737; x_wconf 89' lang='lat' dir='ltr'>Aut</span> <span class='ocrx_word' id='word_1_155' title='bbox 1780 1689 1878 1737; x_wconf 94' lang='lat' dir='ltr'>hoc</span> 
     </span>
     <span class='ocr_line' id='line_1_19' title="bbox 128 1776 1878 1843; baseline 0 -18"><span class='ocrx_word' id='word_1_156' title='bbox 128 1776 369 1827; x_wconf 91' lang='lat' dir='ltr'>iudicium</span> <span class='ocrx_word' id='word_1_157' title='bbox 385 1779 720 1843; x_wconf 88' lang='lat' dir='ltr'>reprehendas</span> <span class='ocrx_word' id='word_1_158' title='bbox 740 1787 809 1839; x_wconf 92' lang='lat' dir='ltr'>tu,</span> <span class='ocrx_word' id='word_1_159' title='bbox 831 1777 974 1827; x_wconf 92' lang='lat' dir='ltr'>cuius</span> <span class='ocrx_word' id='word_1_160' title='bbox 994 1778 1247 1827; x_wconf 90' lang='lat' dir='ltr'>accusatio</span> <span class='ocrx_word' id='word_1_161' title='bbox 1263 1779 1411 1827; x_wconf 91' lang='lat' dir='ltr'>rebus</span> <span class='ocrx_word' id='word_1_162' title='bbox 1437 1777 1666 1826; x_wconf 89' lang='lat' dir='ltr'>iudicatis</span> <span class='ocrx_word' id='word_1_163' title='bbox 1692 1777 1878 1826; x_wconf 87' lang='lat' dir='ltr'>niteba—</span> 
     </span>
     <span class='ocr_line' id='line_1_20' title="bbox 130 1866 1876 1936; baseline -0.002 -18"><span class='ocrx_word' id='word_1_164' title='bbox 130 1875 219 1927; x_wconf 91' lang='lat' dir='ltr'>tur,</span> <span class='ocrx_word' id='word_1_165' title='bbox 249 1883 454 1936; x_wconf 75' lang='lat' dir='ltr'>necesse</span> <span class='ocrx_word' id='word_1_166' title='bbox 479 1876 568 1928; x_wconf 89' lang='lat' dir='ltr'>est,</span> <span class='ocrx_word' id='word_1_167' title='bbox 597 1876 696 1928; x_wconf 91' lang='lat' dir='ltr'>aut,</span> <span class='ocrx_word' id='word_1_168' title='bbox 725 1867 766 1916; x_wconf 92' lang='lat' dir='ltr'>si</span> <span class='ocrx_word' id='word_1_169' title='bbox 791 1869 889 1917; x_wconf 94' lang='lat' dir='ltr'>hoc</span> <span class='ocrx_word' id='word_1_170' title='bbox 913 1884 1086 1917; x_wconf 90' lang='lat' dir='ltr'>verum</span> <span class='ocrx_word' id='word_1_171' title='bbox 1114 1884 1224 1917; x_wconf 88' lang='lat' dir='ltr'>esse</span> <span class='ocrx_word' id='word_1_172' title='bbox 1249 1866 1507 1928; x_wconf 84' lang='lat' dir='ltr'>concediS,</span> <span class='ocrx_word' id='word_1_173' title='bbox 1537 1866 1876 1931; x_wconf 90' lang='lat' dir='ltr'>Oppianicum</span> 
     </span>
     <span class='ocr_line' id='line_1_21' title="bbox 129 1955 1967 2019; baseline 0.002 -16"><span class='ocrx_word' id='word_1_174' title='bbox 129 1955 276 2019; x_wconf 86' lang='lat' dir='ltr'>gratis</span> <span class='ocrx_word' id='word_1_175' title='bbox 296 1958 691 2006; x_wconf 88' lang='lat' dir='ltr'>condemnatum</span> <span class='ocrx_word' id='word_1_176' title='bbox 717 1973 825 2006; x_wconf 88' lang='lat' dir='ltr'>esse</span> <span class='ocrx_word' id='word_1_177' title='bbox 847 1959 1045 2007; x_wconf 89' lang='lat' dir='ltr'>fateare.</span> <span class='ocrx_word' id='word_1_178' title='bbox 1907 1967 1967 1997; x_wconf 92' lang='lat'>20</span> 
     </span>
    </p>

    <p class='ocr_par' dir='ltr' id='par_1_4' title="bbox 129 2045 1970 3177">
     <span class='ocr_line' id='line_1_22' title="bbox 199 2045 1879 2116; baseline 0 -22"><span class='ocrx_word' id='word_1_179' title='bbox 199 2047 521 2116; x_wconf 85' lang='lat' dir='ltr'>Quamquam</span> <span class='ocrx_word' id='word_1_180' title='bbox 564 2045 680 2095; x_wconf 90' lang='lat' dir='ltr'>satis</span> <span class='ocrx_word' id='word_1_181' title='bbox 728 2062 913 2109; x_wconf 88' lang='lat' dir='ltr'>magno</span> <span class='ocrx_word' id='word_1_182' title='bbox 956 2054 1253 2110; x_wconf 91' lang='lat' dir='ltr'>argumento</span> <span class='ocrx_word' id='word_1_183' title='bbox 1291 2063 1399 2095; x_wconf 91' lang='lat' dir='ltr'>esse</span> <span class='ocrx_word' id='word_1_184' title='bbox 1438 2046 1602 2107; x_wconf 90' lang='lat' dir='ltr'>debet,</span> <span class='ocrx_word' id='word_1_185' title='bbox 1643 2047 1782 2110; x_wconf 93' lang='lat' dir='ltr'>quod</span> <span class='ocrx_word' id='word_1_186' title='bbox 1818 2062 1879 2095; x_wconf 85' lang='lat' dir='ltr'>ex</span> 
     </span>
     <span class='ocr_line' id='line_1_23' title="bbox 130 2127 1874 2185; baseline 0.001 -3"><span class='ocrx_word' id='word_1_187' title='bbox 130 2142 232 2182; x_wconf 92' lang='lat' dir='ltr'>tam</span> <span class='ocrx_word' id='word_1_188' title='bbox 252 2127 422 2184; x_wconf 84' lang='lat' dir='ltr'>multis</span> <span class='ocrx_word' id='word_1_189' title='bbox 458 2134 707 2184; x_wconf 91' lang='lat' dir='ltr'>iudicibus</span> <span class='ocrx_word' id='word_1_190' title='bbox 743 2136 976 2185; x_wconf 91' lang='lat' dir='ltr'>absoluto</span> <span class='ocrx_word' id='word_1_191' title='bbox 1014 2137 1219 2184; x_wconf 91' lang='lat' dir='ltr'>Falcula</span> <span class='ocrx_word' id='word_1_192' title='bbox 1254 2152 1406 2185; x_wconf 91' lang='lat' dir='ltr'>nemo</span> <span class='ocrx_word' id='word_1_193' title='bbox 1442 2152 1553 2184; x_wconf 92' lang='lat' dir='ltr'>reus</span> <span class='ocrx_word' id='word_1_194' title='bbox 1590 2136 1750 2184; x_wconf 88' lang='lat' dir='ltr'>factus</span> <span class='ocrx_word' id='word_1_195' title='bbox 1787 2144 1874 2184; x_wconf 89' lang='lat' dir='ltr'>est.</span> 
     </span>
     <span class='ocr_line' id='line_1_24' title="bbox 132 2223 1878 2297; baseline 0 -25"><span class='ocrx_word' id='word_1_196' title='bbox 132 2223 267 2286; x_wconf 88' lang='lat' dir='ltr'>Quid</span> <span class='ocrx_word' id='word_1_197' title='bbox 293 2225 425 2273; x_wconf 91' lang='lat' dir='ltr'>enim</span> <span class='ocrx_word' id='word_1_198' title='bbox 461 2223 581 2297; x_wconf 50' lang='lat' dir='ltr'>milii</span> <span class='ocrx_word' id='word_1_199' title='bbox 608 2225 872 2274; x_wconf 90' lang='lat' dir='ltr'>damnatos</span> <span class='ocrx_word' id='word_1_200' title='bbox 909 2224 1128 2294; x_wconf 84' lang='lat' dir='ltr'>ambitus</span> <span class='ocrx_word' id='word_1_201' title='bbox 1164 2224 1411 2288; x_wconf 87' lang='lat' dir='ltr'>colligitis,</span> <span class='ocrx_word' id='word_1_202' title='bbox 1439 2225 1536 2273; x_wconf 90' lang='lat' dir='ltr'>alia</span> <span class='ocrx_word' id='word_1_203' title='bbox 1571 2226 1694 2288; x_wconf 86' lang='lat' dir='ltr'>lege,</span> <span class='ocrx_word' id='word_1_204' title='bbox 1733 2224 1878 2273; x_wconf 89' lang='lat' dir='ltr'>certis</span> 
     </span>
     <span class='ocr_line' id='line_1_25' title="bbox 129 2311 1879 2377; baseline 0 -17"><span class='ocrx_word' id='word_1_205' title='bbox 129 2311 431 2373; x_wconf 90' lang='lat' dir='ltr'>criminibus,</span> <span class='ocrx_word' id='word_1_206' title='bbox 454 2312 678 2376; x_wconf 87' lang='lat' dir='ltr'>plurimis</span> <span class='ocrx_word' id='word_1_207' title='bbox 716 2313 964 2363; x_wconf 89' lang='lat' dir='ltr'>testibus?</span> <span class='ocrx_word' id='word_1_208' title='bbox 998 2330 1115 2362; x_wconf 91' lang='lat' dir='ltr'>cum</span> <span class='ocrx_word' id='word_1_209' title='bbox 1139 2313 1354 2377; x_wconf 88' lang='lat' dir='ltr'>primum</span> <span class='ocrx_word' id='word_1_210' title='bbox 1379 2313 1450 2361; x_wconf 90' lang='lat' dir='ltr'>illi</span> <span class='ocrx_word' id='word_1_211' title='bbox 1484 2313 1579 2376; x_wconf 89' lang='lat' dir='ltr'>ipsi</span> <span class='ocrx_word' id='word_1_212' title='bbox 1616 2312 1879 2362; x_wconf 86' lang='lat' dir='ltr'>debuerint</span> 
     </span>
     <span class='ocr_line' id='line_1_26' title="bbox 130 2400 1964 2467; baseline 0 -17"><span class='ocrx_word' id='word_1_213' title='bbox 130 2400 294 2464; x_wconf 91' lang='lat' dir='ltr'>potius</span> <span class='ocrx_word' id='word_1_214' title='bbox 319 2401 542 2450; x_wconf 90' lang='lat' dir='ltr'>accusari</span> <span class='ocrx_word' id='word_1_215' title='bbox 569 2402 632 2451; x_wconf 90' lang='lat' dir='ltr'>de</span> <span class='ocrx_word' id='word_1_216' title='bbox 657 2402 885 2466; x_wconf 90' lang='lat' dir='ltr'>pecuniis</span> <span class='ocrx_word' id='word_1_217' title='bbox 921 2402 1214 2467; x_wconf 89' lang='lat' dir='ltr'>repetundis</span> <span class='ocrx_word' id='word_1_218' title='bbox 1251 2419 1404 2467; x_wconf 88' lang='lat' dir='ltr'>quam</span> <span class='ocrx_word' id='word_1_219' title='bbox 1441 2401 1675 2451; x_wconf 88' lang='lat' dir='ltr'>ambitus.</span> <span class='ocrx_word' id='word_1_220' title='bbox 1747 2401 1880 2451; x_wconf 89' lang='lat' dir='ltr'>Nam</span> <span class='ocrx_word' id='word_1_221' title='bbox 1907 2411 1964 2459; x_wconf 88' lang='lat'>25</span> 
     </span>
     <span class='ocr_line' id='line_1_27' title="bbox 131 2474 1881 2561; baseline 0.001 -23"><span class='ocrx_word' id='word_1_222' title='bbox 131 2489 172 2538; x_wconf 90' lang='lat' dir='ltr'>si</span> <span class='ocrx_word' id='word_1_223' title='bbox 213 2490 265 2538; x_wconf 93' lang='lat' dir='ltr'>in</span> <span class='ocrx_word' id='word_1_224' title='bbox 305 2489 524 2539; x_wconf 91' lang='lat' dir='ltr'>ambitus</span> <span class='ocrx_word' id='word_1_225' title='bbox 566 2490 761 2561; x_wconf 80' lang='lat' dir='ltr'>iudiciis</span> <span class='ocrx_word' id='word_1_226' title='bbox 803 2492 902 2559; x_wconf 91' lang='lat' dir='ltr'>hoc</span> <span class='ocrx_word' id='word_1_227' title='bbox 942 2491 1012 2541; x_wconf 90' lang='lat' dir='ltr'>eis</span> <span class='ocrx_word' id='word_1_228' title='bbox 1055 2493 1230 2552; x_wconf 88' lang='lat' dir='ltr'>obfuit,</span> <span class='ocrx_word' id='word_1_229' title='bbox 1270 2508 1384 2540; x_wconf 91' lang='lat' dir='ltr'>cum</span> <span class='ocrx_word' id='word_1_230' title='bbox 1408 2474 1639 2555; x_wconf 21' lang='lat' dir='ltr'>alia-lege</span> <span class='ocrx_word' id='word_1_231' title='bbox 1675 2507 1881 2540; x_wconf 89' lang='lat' dir='ltr'>causam</span> 
     </span>
     <span class='ocr_line' id='line_1_28' title="bbox 131 2578 1878 2646; baseline 0.002 -20"><span class='ocrx_word' id='word_1_232' title='bbox 131 2578 366 2639; x_wconf 89' lang='lat' dir='ltr'>dicerent,</span> <span class='ocrx_word' id='word_1_233' title='bbox 411 2588 559 2640; x_wconf 89' lang='lat' dir='ltr'>certe,</span> <span class='ocrx_word' id='word_1_234' title='bbox 593 2579 634 2628; x_wconf 89' lang='lat' dir='ltr'>si</span> <span class='ocrx_word' id='word_1_235' title='bbox 671 2580 870 2644; x_wconf 89' lang='lat' dir='ltr'>propria</span> <span class='ocrx_word' id='word_1_236' title='bbox 908 2582 1018 2646; x_wconf 88' lang='lat' dir='ltr'>lege</span> <span class='ocrx_word' id='word_1_237' title='bbox 1053 2581 1199 2635; x_wconf 88' lang='lat' dir='ltr'>huius</span> <span class='ocrx_word' id='word_1_238' title='bbox 1241 2580 1437 2645; x_wconf 90' lang='lat' dir='ltr'>peccati</span> <span class='ocrx_word' id='word_1_239' title='bbox 1467 2580 1675 2631; x_wconf 88' lang='lat' dir='ltr'>adducti</span> <span class='ocrx_word' id='word_1_240' title='bbox 1700 2589 1878 2641; x_wconf 88' lang='lat' dir='ltr'>essent,</span> 
     </span>
     <span class='ocr_line' id='line_1_29' title="bbox 131 2668 1883 2736; baseline 0.002 -22"><span class='ocrx_word' id='word_1_241' title='bbox 131 2668 289 2716; x_wconf 89' lang='lat' dir='ltr'>multo</span> <span class='ocrx_word' id='word_1_242' title='bbox 313 2669 424 2731; x_wconf 90' lang='lat' dir='ltr'>plus</span> <span class='ocrx_word' id='word_1_243' title='bbox 460 2668 715 2719; x_wconf 88' lang='lat' dir='ltr'>obfuisset.</span> <span class='ocrx_word' id='word_1_244' title='bbox 791 2679 902 2736; x_wconf 86' lang='lat'>115.</span> <span class='ocrx_word' id='word_1_245' title='bbox 943 2670 1142 2720; x_wconf 89' lang='lat' dir='ltr'>Deinde</span> <span class='ocrx_word' id='word_1_246' title='bbox 1168 2670 1209 2719; x_wconf 89' lang='lat' dir='ltr'>si</span> <span class='ocrx_word' id='word_1_247' title='bbox 1234 2679 1371 2719; x_wconf 89' lang='lat' dir='ltr'>tanta</span> <span class='ocrx_word' id='word_1_248' title='bbox 1395 2669 1468 2719; x_wconf 90' lang='lat' dir='ltr'>vis</span> <span class='ocrx_word' id='word_1_249' title='bbox 1492 2670 1584 2719; x_wconf 87' lang='lat' dir='ltr'>fuit</span> <span class='ocrx_word' id='word_1_250' title='bbox 1619 2669 1759 2720; x_wconf 90' lang='lat' dir='ltr'>istius</span> <span class='ocrx_word' id='word_1_251' title='bbox 1795 2670 1883 2719; x_wconf 90' lang='lat' dir='ltr'>cri-</span> 
     </span>
     <span class='ocr_line' id='line_1_30' title="bbox 133 2754 1879 2829; baseline 0.002 -26"><span class='ocrx_word' id='word_1_252' title='bbox 133 2754 294 2817; x_wconf 89' lang='lat' dir='ltr'>minis,</span> <span class='ocrx_word' id='word_1_253' title='bbox 321 2764 390 2829; x_wconf 82' lang='lat' dir='ltr'>ut,</span> <span class='ocrx_word' id='word_1_254' title='bbox 418 2773 514 2819; x_wconf 90' lang='lat' dir='ltr'>qua</span> <span class='ocrx_word' id='word_1_255' title='bbox 539 2759 750 2822; x_wconf 88' lang='lat' dir='ltr'>quisque</span> <span class='ocrx_word' id='word_1_256' title='bbox 775 2760 884 2822; x_wconf 92' lang='lat' dir='ltr'>lege</span> <span class='ocrx_word' id='word_1_257' title='bbox 911 2775 970 2808; x_wconf 87' lang='lat' dir='ltr'>ex</span> <span class='ocrx_word' id='word_1_258' title='bbox 995 2758 1089 2807; x_wconf 90' lang='lat' dir='ltr'>illis</span> <span class='ocrx_word' id='word_1_259' title='bbox 1115 2757 1364 2808; x_wconf 92' lang='lat' dir='ltr'>iudicibus</span> <span class='ocrx_word' id='word_1_260' title='bbox 1389 2775 1500 2808; x_wconf 89' lang='lat' dir='ltr'>reus</span> <span class='ocrx_word' id='word_1_261' title='bbox 1538 2760 1696 2808; x_wconf 88' lang='lat' dir='ltr'>factus</span> <span class='ocrx_word' id='word_1_262' title='bbox 1734 2767 1879 2819; x_wconf 90' lang='lat' dir='ltr'>esset,</span> 
     </span>
     <span class='ocr_line' id='line_1_31' title="bbox 134 2847 1970 2914; baseline 0.002 -21"><span class='ocrx_word' id='word_1_263' title='bbox 134 2852 304 2894; x_wconf 88' lang='lat' dir='ltr'>tamen</span> <span class='ocrx_word' id='word_1_264' title='bbox 358 2847 453 2895; x_wconf 89' lang='lat' dir='ltr'>hac</span> <span class='ocrx_word' id='word_1_265' title='bbox 499 2847 647 2910; x_wconf 89' lang='lat' dir='ltr'>plaga</span> <span class='ocrx_word' id='word_1_266' title='bbox 693 2848 890 2911; x_wconf 86' lang='lat' dir='ltr'>periret,</span> <span class='ocrx_word' id='word_1_267' title='bbox 942 2865 1030 2897; x_wconf 93' lang='lat' dir='ltr'>cur</span> <span class='ocrx_word' id='word_1_268' title='bbox 1077 2848 1129 2896; x_wconf 91' lang='lat' dir='ltr'>in</span> <span class='ocrx_word' id='word_1_269' title='bbox 1176 2857 1315 2897; x_wconf 91' lang='lat' dir='ltr'>tanta</span> <span class='ocrx_word' id='word_1_270' title='bbox 1372 2850 1694 2914; x_wconf 88' lang='lat' dir='ltr'>multitudine</span> <span class='ocrx_word' id='word_1_271' title='bbox 1742 2864 1883 2898; x_wconf 92' lang='lat' dir='ltr'>accu-</span> <span class='ocrx_word' id='word_1_272' title='bbox 1907 2859 1970 2903; x_wconf 85' lang='lat'>30</span> 
     </span>
     <span class='ocr_line' id='line_1_32' title="bbox 135 2934 1884 3001; baseline 0.001 -18"><span class='ocrx_word' id='word_1_273' title='bbox 135 2942 368 2995; x_wconf 90' lang='lat' dir='ltr'>satorum,</span> <span class='ocrx_word' id='word_1_274' title='bbox 396 2934 546 2984; x_wconf 88' lang='lat' dir='ltr'>tantis</span> <span class='ocrx_word' id='word_1_275' title='bbox 581 2937 828 3000; x_wconf 90' lang='lat' dir='ltr'>praemiis,</span> <span class='ocrx_word' id='word_1_276' title='bbox 855 2937 1006 2987; x_wconf 92' lang='lat' dir='ltr'>ceteri</span> <span class='ocrx_word' id='word_1_277' title='bbox 1043 2937 1114 2987; x_wconf 92' lang='lat' dir='ltr'>rei</span> <span class='ocrx_word' id='word_1_278' title='bbox 1139 2937 1256 2986; x_wconf 91' lang='lat' dir='ltr'>facti</span> <span class='ocrx_word' id='word_1_279' title='bbox 1280 2953 1385 2987; x_wconf 91' lang='lat' dir='ltr'>non</span> <span class='ocrx_word' id='word_1_280' title='bbox 1411 2941 1564 2988; x_wconf 89' lang='lat' dir='ltr'>sunt?</span> <span class='ocrx_word' id='word_1_281' title='bbox 1634 2939 1736 2986; x_wconf 94' lang='lat' dir='ltr'>Hic</span> <span class='ocrx_word' id='word_1_282' title='bbox 1773 2953 1884 3001; x_wconf 93' lang='lat' dir='ltr'>pro-</span> 
     </span>
     <span class='ocr_line' id='line_1_33' title="bbox 138 3022 1884 3090; baseline 0.003 -22"><span class='ocrx_word' id='word_1_283' title='bbox 138 3022 290 3072; x_wconf 90' lang='lat' dir='ltr'>fertur</span> <span class='ocrx_word' id='word_1_284' title='bbox 325 3024 392 3084; x_wconf 93' lang='lat' dir='ltr'>id,</span> <span class='ocrx_word' id='word_1_285' title='bbox 421 3023 557 3087; x_wconf 92' lang='lat' dir='ltr'>quod</span> <span class='ocrx_word' id='word_1_286' title='bbox 594 3024 835 3075; x_wconf 89' lang='lat' dir='ltr'>iudicium</span> <span class='ocrx_word' id='word_1_287' title='bbox 867 3027 1107 3090; x_wconf 89' lang='lat' dir='ltr'>appellari</span> <span class='ocrx_word' id='word_1_288' title='bbox 1151 3042 1255 3075; x_wconf 91' lang='lat' dir='ltr'>non</span> <span class='ocrx_word' id='word_1_289' title='bbox 1289 3035 1503 3090; x_wconf 90' lang='lat' dir='ltr'>oportet,</span> <span class='ocrx_word' id='word_1_290' title='bbox 1544 3029 1598 3075; x_wconf 91' lang='lat' dir='ltr'>P.</span> <span class='ocrx_word' id='word_1_291' title='bbox 1638 3025 1884 3089; x_wconf 88' lang='lat' dir='ltr'>Septimio</span> 
     </span>
     <span class='ocr_line' id='line_1_34' title="bbox 136 3112 1883 3177; baseline 0.002 -18"><span class='ocrx_word' id='word_1_292' title='bbox 136 3112 411 3162; x_wconf 87' lang='lat' dir='ltr'>Scaevolae</span> <span class='ocrx_word' id='word_1_293' title='bbox 435 3112 571 3162; x_wconf 89' lang='lat' dir='ltr'>litem</span> <span class='ocrx_word' id='word_1_294' title='bbox 611 3129 672 3163; x_wconf 89' lang='lat' dir='ltr'>eo</span> <span class='ocrx_word' id='word_1_295' title='bbox 697 3114 902 3163; x_wconf 89' lang='lat' dir='ltr'>nomine</span> <span class='ocrx_word' id='word_1_296' title='bbox 928 3131 1035 3164; x_wconf 89' lang='lat' dir='ltr'>esse</span> <span class='ocrx_word' id='word_1_297' title='bbox 1062 3116 1389 3164; x_wconf 86' lang='lat' dir='ltr'>aestimatam.</span> <span class='ocrx_word' id='word_1_298' title='bbox 1466 3115 1623 3166; x_wconf 90' lang='lat' dir='ltr'>Cuius</span> <span class='ocrx_word' id='word_1_299' title='bbox 1660 3114 1729 3163; x_wconf 90' lang='lat' dir='ltr'>rei</span> <span class='ocrx_word' id='word_1_300' title='bbox 1755 3130 1883 3177; x_wconf 89' lang='lat' dir='ltr'>quae</span> 
     </span>
    </p>
   </div>
  </div>
 </body>
</html>
