2106 3386
150 165 250 206 Lu.
289 152 411 219 145]
499 151 651 204 PRO
696 151 762 202 A.
806 149 1223 203 CLUENTIO
1267 149 1594 202 ORATIO.
1823 160 1882 215 55

143 301 274 356 pet0‚
320 300 386 352 ut,
428 293 468 340 si
511 307 662 355 quam
700 291 798 339 huc
838 288 1114 359 graviorem
1151 290 1216 338 de
1252 289 1335 338 illo
1372 287 1558 337 iudicio
1594 287 1886 352 opinionem

143 379 391 444 attulistiS,
416 380 547 428 hanc
585 394 736 428 causa
771 386 1035 442 perspecta
1076 386 1227 440 atque
1267 379 1403 456 omni
1443 377 1651 427 veritate
1689 378 1889 442 cognita

146 472 423 535 deponatis.

213 561 327 607 LII.
371 570 479 624 143.
522 560 686 618 Nunc,
731 556 966 620 quoniam
1010 557 1075 605 ad
1118 555 1301 616 omnia,
1347 571 1476 619 quae
1524 558 1612 605 abs
1660 565 1710 605 te
1758 555 1893 606 dicta

147 656 278 708 sunt,
304 650 362 696 T.
403 646 541 708 Acci,
570 648 634 696 de
673 645 944 710 Oppianici
982 644 1305 695 damnatione
1342 645 1593 708 respondi,
1621 647 1892 696 confiteare

142 753 349 787 necesse
375 745 449 786 est
475 746 522 786 te
549 735 838 800 opinionem
875 736 1087 784 multum
1134 734 1382 795 fefellisse,
1425 735 1559 798 quod
1601 734 1892 785 existimaris

145 842 224 875 me
249 841 454 874 causam
479 828 538 874 A.
570 823 773 875 Cluenti
808 839 911 873 non
946 825 1078 873 facto
1118 824 1239 884 eius,
1281 824 1370 873 sed
1408 825 1517 887 lege
1557 824 1888 874 defensurum.

146 916 278 964 Nam
319 915 416 964 hoc
455 931 694 978 persaepe
737 913 903 963 dixisti
941 912 1031 962 tibi
1070 914 1140 962 sic
1179 912 1461 974 renuntiari,
1501 931 1582 963 me
1620 915 1805 964 habere
1841 915 1891 964 in

144 1003 314 1053 animo
338 1020 542 1052 causam
566 1004 697 1052 hanc
722 1001 971 1066 praesidio
1007 1001 1128 1065 legis
1155 1003 1438 1052 defendere.
1514 1005 1658 1052 Itane
1685 1007 1795 1053 est?
1831 1006 1893 1054 ab

145 1091 317 1141 amicis
343 1092 687 1156 imprudentes
712 1091 948 1141 videlicet
973 1092 1247 1154 prodimur,
1275 1101 1324 1141 et
1361 1100 1437 1141 est
1473 1092 1644 1142 nescio
1683 1093 1792 1156 quis
1829 1095 1894 1143 de

146 1180 230 1241 615,
277 1197 402 1243 quos
447 1180 637 1230 amicos
680 1181 827 1230 nobis
875 1179 1183 1243 arbitramur,
1234 1180 1320 1243 qui
1366 1189 1536 1231 nostra
1582 1181 1790 1231 consilia
1829 1184 1894 1231 ad

146 1269 452 1320 adversarios
478 1270 702 1319 deferat?
740 1269 986 1333 Quisnam
1009 1270 1106 1318 hoc
1143 1269 1234 1319 tibi
1269 1270 1608 1320 renuntiavit?
1643 1272 1755 1334 quis
1791 1280 1893 1320 tam

147 1358 404 1422 improbus
441 1358 570 1408 fuit?
606 1358 685 1407 cui
722 1374 815 1422 ego
852 1366 1020 1407 autem
1057 1357 1286 1407 narravi?
1323 1359 1505 1419 Nemo,
1532 1368 1587 1407 ut
1622 1358 1814 1422 opinor,
1842 1360 1893 1407 in

147 1450 293 1512 culpa
336 1457 441 1497 est:
477 1456 527 1496 et
551 1446 789 1495 nimirum
831 1446 922 1496 tibi
959 1447 1092 1496 istud
1135 1447 1213 1496 lex
1255 1446 1363 1510 ipsa
1405 1444 1719 1496 renuntiavit.
1794 1447 1893 1497 Sed

147 1553 268 1586 num
304 1537 395 1587 tibi
432 1537 500 1586 ita
538 1535 824 1586 defendisse
861 1535 1052 1598 videor,
1078 1545 1131 1585 ut
1168 1544 1275 1586 tota
1311 1535 1362 1584 in
1400 1552 1548 1585 causa
1584 1537 1893 1587 mentionem

147 1626 300 1674 ullam
325 1625 448 1690 legis
485 1626 726 1675 fecerim?
761 1641 884 1673 num
922 1641 1065 1673 secus
1101 1625 1233 1673 hanc
1269 1640 1470 1673 causam
1509 1624 1808 1686 defendisse,
1835 1643 1893 1674 ac

148 1714 188 1763 si
229 1715 339 1778 lege
384 1714 606 1764 Habitus
654 1716 940 1764 teneretur?
989 1715 1151 1773 Certe,
1196 1723 1250 1777 ut
1297 1713 1554 1764 hominem
1603 1716 1895 1765 confirmare

141 1812 357 1878 oportet,
375 1807 543 1855 nullus
569 1815 644 1856 est
668 1807 807 1855 locus
833 1822 862 1854 a
887 1822 967 1854 me
986 1805 1231 1869 purgandi
1252 1804 1397 1857 istius
1423 1804 1657 1854 invidiosi
1676 1804 1895 1854 criminis

147 1897 534 1960 praetermissus
612 1906 720 1960 144.
764 1894 901 1957 Quid
939 1910 1055 1958 ergo
1092 1896 1202 1944 est?
1252 1896 1472 1957 Quaeret
1508 1894 1728 1944 fortassis
1766 1893 1896 1958 quis-

147 1974 295 2050 piam,
340 1984 669 2049 displiceatne
710 1983 835 2032 mihi
882 1984 1047 2047 legum
1097 1984 1346 2047 praesidio
1395 1983 1570 2048 capitis
1618 1983 1894 2047 periculum

149 2076 479 2138 propulsare?
516 2073 647 2122 Mihi
672 2090 803 2133 vero,
842 2072 1049 2133 iudices,
1076 2090 1180 2123 non
1218 2072 1462 2136 displicet,
1491 2074 1579 2123 sed
1616 2083 1729 2123 utor
1763 2073 1897 2124 insti-

147 2171 254 2212 tuto
302 2179 432 2212 meo,
524 2165 585 2212 In
633 2163 851 2212 hominis
900 2163 1100 2212 honesti
1147 2163 1507 2227 prudentisque
1556 2162 1743 2212 iudicio
1793 2180 1895 2213 non

147 2254 308 2302 solum
334 2269 449 2302 meo
474 2251 685 2302 consilio
707 2252 781 2301 uti
804 2250 1058 2312 consuevi,
1081 2253 1170 2301 sed
1195 2253 1407 2300 multum
1426 2250 1577 2300 etiam
1603 2253 1722 2312 eius,
1745 2269 1894 2316 quem

151 2343 383 2403 defend0,
410 2352 460 2392 et
484 2341 695 2392 consilio
721 2350 770 2392 et
794 2341 1039 2391 voluntati
1065 2342 1370 2405 obtempero.
1448 2343 1580 2389 Nam
1602 2350 1656 2390 ut
1680 2343 1805 2392 haec
1830 2344 1894 2391 ad

150 2448 230 2481 me
255 2448 408 2481 causa
431 2433 599 2481 delata
622 2441 711 2491 est,
739 2432 825 2495 qui
861 2433 996 2495 leges
1032 2448 1131 2491 eas,
1160 2433 1224 2480 ad
1263 2447 1386 2494 quas
1424 2430 1721 2480 adhibemur
1757 2441 1807 2480 et
1842 2432 1894 2481 in

149 2521 329 2585 quibus
355 2536 621 2592 versamur,
642 2537 790 2570 nosse
810 2522 1060 2583 deberem,
1085 2520 1188 2571 dixi
1214 2519 1410 2569 Habito
1435 2521 1602 2569 statim
1628 2537 1689 2570 eo
1715 2523 1893 2585 capite,

149 2624 240 2669 Qm
266 2625 477 2661 60155111
501 2624 609 2667 Quo
646 2625 770 2669 Qms
806 2625 1303 2670 CONDEMNARETUR,
1332 2610 1471 2658 illum
1509 2627 1617 2660 esse
1653 2611 1895 2661 liberum:

149 2699 306 2750 teneri
341 2709 509 2750 autem
545 2709 772 2750 nostrum
809 2700 1051 2750 ordinem.
1127 2703 1295 2763 Atque
1331 2699 1414 2750 ille
1451 2716 1532 2750 me
1568 2717 1707 2751 orare
1744 2711 1894 2765 atque

149 2790 411 2839 obsecrare
452 2789 632 2852 coepit,
678 2805 741 2839 ne
769 2806 821 2839 se
864 2791 973 2854 lege
1018 2789 1355 2839 defenderem.
1449 2791 1581 2840 Cum
1630 2807 1724 2856 ego
1766 2807 1893 2855 quae

1924 1109 1981 1140 10

1922 2000 1981 2031 20

151 2878 274 2927 mihi
310 2877 609 2928 videbantur
645 2877 876 2939 dicerem,
916 2878 1131 2927 traduxit
1168 2895 1248 2927 me
1285 2879 1350 2927 ad
1387 2895 1527 2927 suam
1577 2880 1890 2931 sententiam.
1918 2891 1982 2938 30

153 2967 466 3016 Adfirmabat
502 2966 636 3016 enim
672 2969 936 3016 lacrimans
973 2984 1075 3016 non
1113 2984 1166 3016 se
1203 2967 1513 3031 cupidiorem
1550 2984 1658 3018 esse
1683 2968 1895 3018 civitatis

148 3055 440 3106 retinendae
466 3071 617 3118 quam
643 3056 1035 3106 existimationis
1102 3066 1211 3122 145.
1242 3059 1439 3106 Morem
1466 3057 1658 3106 homini
1682 3058 1824 3122 gessi,
1848 3067 1896 3107 et

155 3152 322 3194 tamen
360 3143 548 3199 idcirco
572 3145 900 3208 feci—neque
925 3145 1057 3194 enim
1096 3145 1146 3193 id
1179 3161 1374 3208 semper
1400 3148 1561 3195 facere
1587 3147 1897 3196 debemus-—
