2106 3386
264 183 333 234 24
556 168 709 221 PRO
752 168 819 220 A.
861 168 1279 222 CLUENTIO
1322 167 1670 225 ORATIO„
1707 166 2000 235 [XX111.63

331 310 532 358 XXIII.
572 311 776 372 Quaero
813 311 947 359 enim
985 309 1048 358 de
1085 318 1149 369 te,
1193 311 1251 357 T.
1295 309 1433 368 Acci,
1475 308 1656 358 relictis
1691 307 1790 358 iam
1829 309 2004 358 ceteris

261 397 565 462 argumentis
625 399 874 459 omnibus,
935 415 1054 447 num
1133 398 1390 447 Fabricios
1450 414 1654 461 quoque
1712 398 2004 458 innocentes

261 490 627 539 condemnatos
689 488 956 548 existimes,
1017 505 1138 538 num
1199 488 1346 538 etiam
1409 489 1491 536 illa
1550 487 1735 537 iudicia
1793 489 2007 552 pecunia

262 587 495 642 corrupta
530 594 639 628 esse
675 579 829 638 dicas,
867 578 1050 642 quibus
1087 580 1139 626 in
1177 578 1373 627 iudiciis
1416 580 1540 627 alter
1582 594 1611 626 a
1650 578 1855 627 Staieno
1898 578 2006 626 solo

210 682 236 731 5
263 668 520 718 absolutus
569 676 657 729 est,
710 669 832 716 alter
880 667 1028 716 etiam
1078 668 1184 731 ipse
1233 684 1284 716 se
1334 667 1702 717 condemnavit.
1799 671 1920 731 Age,
1966 666 2005 715 si

262 767 519 818 nocentes,
558 756 698 806 c'uius
736 757 1004 806 maleficii?
1040 774 1159 805 num
1198 757 1319 820 quid
1357 766 1550 821 praeter
1586 773 1835 806 venenum
1861 772 2007 820 quae-

262 848 426 908 situm,
455 864 555 910 quo
594 848 812 896 Habitus
838 856 1109 906 necaretur,
1140 848 1391 896 obiectum
1418 849 1532 896 est?
1568 862 1687 895 num
1714 845 1835 909 quid
1872 847 2007 894 aliud

263 936 314 984 in
340 935 434 984 illis
459 934 653 984 iudiciis
682 944 932 984 versatum
958 945 1030 985 est
1066 945 1261 999 praeter
1295 936 1445 984 hasce
1483 936 1687 984 insidias
1725 934 1918 984 Habito
1944 935 2007 983 ab

265 1025 550 1090 Oppianico
597 1041 686 1088 per
744 1024 1026 1073 Fabricium
1082 1028 1273 1074 factas?
1390 1025 1544 1085 Nihil,
1595 1025 1733 1086 nihil,
1784 1024 2006 1088 inquam,

182 1130 240 1161 10
264 1115 414 1173 aliud,
464 1113 669 1175 iudices,
719 1113 982 1176 reperietis.
1095 1115 1268 1162 Exstat
1318 1113 1587 1162 memoria:
1648 1123 1762 1162 sunt
1809 1115 2008 1162 tabulae

262 1203 522 1268 publicae:
579 1203 818 1266 redargue
859 1219 953 1262 me,
1005 1203 1045 1251 si
1093 1205 1338 1251 mentior:
1395 1203 1595 1252 testium
1645 1203 1779 1252 dicta
1825 1202 2007 1252 recita:

264 1295 392 1343 doce
418 1293 469 1341 in
493 1293 689 1341 illorum
720 1291 915 1340 iudiciis
951 1291 1073 1355 quid
1099 1301 1292 1355 praeter
1317 1294 1414 1340 hoc
1452 1309 1699 1350 venenum
1739 1291 2007 1356 Oppianici

265 1399 367 1431 non
405 1380 558 1430 modo
594 1382 642 1428 in
681 1380 916 1444 criminis,
944 1381 1032 1429 sed
1068 1381 1116 1428 in
1144 1382 1289 1446 ,male
1334 1381 1454 1429 dicti
1488 1382 1602 1430 loco
1636 1380 1700 1443 sit
1739 1381 2006 1450 obiectum.
2068 1444 2070 1446 v

944 1441 1055 1452 h:
1063 1447 1101 1451 T„
1112 1447 1121 1449 s

265 1470 346 1536 63.
389 1472 553 1519 Multa
579 1470 679 1518 dici
716 1479 927 1534 possunt
953 1486 1106 1533 quare
1142 1470 1211 1519 ita
1247 1487 1451 1519 necesse
1488 1470 1634 1520 fuerit
1670 1470 1893 1540 iudicari,
1920 1469 2008 1519 sed

185 1572 240 1622 15
267 1578 362 1625 ego
410 1577 667 1610 occurram
712 1559 1074 1623 exspectationi
1117 1569 1323 1620 vestrae,
1374 1560 1578 1609 iudices.
1670 1562 1800 1608 Nam
1841 1559 1934 1609 etsi
1981 1576 2010 1609 a

267 1651 411 1700 vobis
459 1651 530 1699 sic
579 1650 769 1711 audior,
820 1660 874 1699 ut
923 1666 1197 1714 numquam
1247 1650 1512 1714 benignius
1561 1667 1727 1714 neque
1774 1651 2010 1700 attentius

267 1757 573 1805 quemquam
598 1740 823 1789 auditum
850 1749 1037 1804 putem,
1064 1749 1233 1789 tamen
1259 1750 1404 1797 vocat
1431 1757 1512 1789 me
1549 1740 1646 1789 alio
1683 1740 1781 1791 iarn
1817 1740 2010 1789 dudum

267 1831 418 1880 tacita
454 1840 616 1880 vestra
652 1830 974 1894 exspectatio,
1013 1847 1141 1893 quae
1178 1832 1299 1878 mihi
1338 1831 1547 1894 obloqui
1582 1830 1806 1880 videtur:
1857 1831 2011 1895 ‘quid

268 1923 423 1984 ergo?
464 1936 683 1984 negasne
709 1919 832 1968 illud
858 1919 1096 1969 iudicium
1131 1929 1419 1983 corruptum
1457 1918 1632 1970 esse?'
1704 1922 1822 1970 Non
1864 1936 2008 1984 neg0‚

184 2022 246 2053 20
269 2010 358 2059 sed
405 2011 469 2059 ab
506 2011 603 2058 hoc
646 2018 932 2072 corruptum
969 2026 1071 2058 non
1114 2025 1224 2058 esse
1260 2011 1519 2062 confirmo.
1594 2012 1669 2058 ‘A
1717 2025 1820 2072 quo
1866 2007 2013 2073 igitur

270 2108 344 2149 est
380 2099 734 2162 corruptum?’
806 2097 1016 2161 Opinor‚
1057 2099 1286 2162 primum,
1315 2098 1355 2146 si
1393 2098 1848 2166 incertumjuisset
1884 2099 2012 2162 quis-

269 2204 385 2237 nam
423 2187 580 2236 exitus
628 2187 756 2236 illius
806 2186 975 2235 iudicii
1014 2188 1206 2236 futurus
1250 2196 1392 2247 esset,
1445 2189 1544 2253 veri
1594 2185 2011 2241 similiustamen

270 2286 415 2343 esset,
444 2293 559 2326 eum
584 2278 751 2340 potius
787 2278 1080 2340 corrupisse,
1119 2276 1203 2339 qui
1246 2275 1501 2325 metuisset
1530 2292 1594 2325 ne
1636 2261 1743 2340 ipse
1777 2262 2012 2326 condem-

270 2376 481 2428 naretur,
510 2382 661 2429 quam
698 2365 854 2426 illum,
881 2367 967 2429 qui
1004 2365 1185 2435 verim—s
1222 2374 1354 2414 esset
1389 2381 1453 2414 ne
1489 2367 1612 2414 alter
1647 2366 2010 2425 absolveretur:

185 2465 244 2515 25
271 2456 454 2506 deinde
489 2472 606 2504 cum
649 2463 779 2504 esset
816 2471 919 2503 non
958 2453 1165 2503 dubium
1207 2455 1330 2517 quid
1370 2453 1575 2503 iudicari
1617 2470 1822 2505 necesse
1864 2463 2010 2513 esset,

270 2562 387 2595 eum
412 2553 546 2594 certe
570 2543 752 2608 potius,
780 2544 867 2608 qui
903 2543 997 2593 sibi
1032 2543 1127 2592 alia
1163 2543 1356 2592 ratione
1393 2544 1652 2606 diffideret,
1691 2560 1842 2607 quam
1877 2560 2010 2604 eum,

271 2633 357 2697 qui
404 2633 542 2683 omni
589 2635 780 2682 ratione
821 2633 1128 2685 confideret:
1183 2641 1435 2696 postremo
1476 2641 1611 2682 certe
1648 2633 1814 2697 potius
1855 2633 2010 2707 illum,

271 2725 355 2787 qui
391 2723 468 2772 bis
504 2724 641 2786 apud
677 2739 763 2772 eos
800 2723 991 2772 iudices
1028 2722 1331 2783 offendisset,
1373 2738 1522 2785 quarn
1560 2739 1687 2783 eum,
1717 2723 1802 2786 qui
1838 2723 1916 2772 bis
1941 2722 2012 2772 eis

271 2829 474 2862 causam
528 2811 850 2875 probavisset.
939 2811 1023 2877 64.
1078 2813 1251 2861 Unum
1287 2812 1493 2875 quidem
1543 2821 1676 2861 certe
1724 2828 1874 2861 nemo
1922 2811 2013 2862 erit

186 2913 248 2959 30
271 2910 372 2951 tam
421 2900 651 2971 inimicus
700 2900 938 2951 Cluentio
987 2900 1074 2964 qui
1112 2900 1236 2948 mihi
1272 2916 1374 2948 non
1412 2901 1691 2950 concedat:
1735 2900 1776 2949 si
1817 2910 2013 2954 constet

272 2999 558 3054 corruptum
609 2990 733 3039 illud
782 2990 1020 3039 iudicium
1061 3007 1184 3050 esse,
1230 2998 1315 3038 aut
1351 2990 1414 3039 ab
1455 2990 1648 3039 Habito
1692 2998 1774 3039 aut
1811 2991 1874 3039 ab
1911 2991 2014 3053 Op-

271 3080 471 3143 pianico
521 3096 628 3128 esse
670 3090 971 3143 corruptum.
1060 3081 1109 3129 Si
1148 3080 1311 3128 doceo
1361 3095 1462 3128 non
1512 3081 1574 3127 ab
1614 3080 1824 3140 Habito,
1864 3078 2012 3129 vinco

270 3169 334 3217 ab
375 3167 691 3231 Oppianico:
747 3167 788 3217 si
831 3170 1046 3218 ostendo
1088 3169 1151 3216 ab
1200 3166 1497 3231 Oppiani00‚
1538 3183 1696 3230 purgo
1746 3166 2007 3216 Habitum.

2010 3339 2106 3386 s
