2106 3386
99 195 313 235 XXXIV.
343 183 435 250 93]
517 181 670 234 PRO
711 182 780 234 A.
824 179 1240 234 CLUENTIO
1286 179 1610 233 ORATIO.
1767 193 1829 247 35

96 327 328 387 abreptus
355 332 440 372 est.
518 326 585 371 At
612 322 676 372 ad
693 337 843 384 quam
860 319 1245 383 quaestionem?
1315 321 1494 369 Voltus
1521 322 1655 370 enim
1672 322 1831 380 vestri,

96 413 301 472 iudices,
341 428 423 460 me
459 410 682 471 invitant,
722 418 790 470 ut,
831 425 960 473 quae
995 408 1250 458 reticenda
1286 416 1528 472 putaram,
1557 408 1711 458 libeat
1735 409 1833 458 iam

96 504 247 552 libere
268 502 444 550 dicere.
521 512 599 566 90.
642 499 816 562 Quid?
851 499 935 548 illa
954 500 1163 548 tandem
1186 500 1412 562 quaestio
1432 507 1517 548 aut
1538 498 1835 563 disceptatio

95 601 179 641 aut
202 590 444 641 iudicium
470 591 598 639 fuit?
635 590 830 639 Putabo
851 590 1012 637 fuisse.
1090 587 1241 637 Dicat
1261 587 1346 651 qui
1369 589 1474 637 vult
1493 588 1646 638 hodie
1667 590 1731 638 de
1750 589 1835 638 illo

95 681 286 745 populo
321 679 592 737 concitato,
630 679 710 727 cui
746 687 852 727 tum
888 679 1077 742 populo
1115 694 1228 734 mos,
1260 686 1429 741 gestus
1456 687 1545 737 est,
1574 694 1672 741 qua
1697 680 1760 728 de
1785 696 1835 728 re
1897 697 1921 744 5

97 769 273 819 Iunius
309 786 510 818 causam
548 767 753 818 dixerit:
791 783 1165 832 quemcumque
1201 767 1463 830 rogaveris,
1502 768 1599 816 hoc
1635 784 1838 832 respon-

96 859 263 910 debit:
324 860 463 922 quod
520 859 789 922 pecuniam
849 856 1111 921 acceperit,
1174 858 1310 919 quod
1369 856 1692 906 innocentem
1751 859 1836 905 cir-

95 950 413 998 cumvenerit.
490 949 580 996 Est
626 947 750 1006 haec
798 945 984 1010 opinio.
1059 948 1140 1007 At,
1193 945 1233 994 si
1282 947 1350 994 ita
1400 955 1543 1007 esset,
1595 947 1689 995 hac
1725 948 1835 1010 lege

94 1047 377 1087 accusatum
405 1036 639 1101 oportuit,
667 1052 767 1099 qua
791 1044 1049 1084 accusatur
1076 1035 1309 1084 Habitus.
1373 1038 1440 1084 At
1465 1035 1571 1098 ipse
1598 1053 1657 1085 ea
1683 1034 1833 1103 [lege]

95 1128 373 1190 quaerebat.
450 1129 644 1175 Paucos
681 1125 788 1175 dies
825 1133 1164 1194 exspectasset
1202 1124 1483 1186 Quinctius.
1559 1127 1627 1174 At
1670 1143 1835 1189 neque
1865 1145 1924 1175 10

94 1219 306 1280 privatus
342 1231 572 1265 accusare
608 1231 702 1264 nec
740 1216 910 1279 sedata
946 1213 1135 1280 invidia
1170 1216 1383 1263 volebat.
1459 1215 1654 1264 Videtis
1691 1215 1837 1279 igitur

94 1323 195 1356 non
243 1307 292 1354 in
340 1322 502 1365 causa,
555 1304 642 1354 sed
691 1306 741 1352 in
792 1313 1017 1368 tempore
1065 1320 1125 1352 ac
1167 1313 1418 1367 potestate
1456 1320 1594 1367 spem
1633 1322 1835 1355 omnem

94 1394 393 1444 accusatoris
418 1393 582 1443 fuisse.
654 1404 735 1458 91.
767 1394 980 1454 Multam
1007 1392 1195 1456 petivit.
1274 1395 1390 1455 Qua
1425 1395 1573 1457 lege?
1610 1396 1747 1458 quod
1783 1395 1834 1444 in

94 1486 254 1548 legem
297 1500 397 1533 non
442 1483 665 1542 iurasset,
712 1499 842 1546 quae
880 1499 957 1531 res
1001 1482 1193 1537 nemini
1235 1500 1478 1546 umquam
1523 1485 1684 1549 fraudi
1726 1485 1831 1547 fuit,

93 1583 143 1623 et
167 1575 306 1637 quod
333 1575 388 1624 C.
418 1576 611 1633 Verres,
639 1581 838 1636 praetor
862 1573 1095 1632 urbanus,
1123 1573 1278 1621 bomo
1304 1582 1506 1638 sanctus
1532 1583 1580 1622 et
1607 1573 1832 1638 diligens,
1867 1587 1919 1635 15

93 1662 496 1712 subsortitionem
516 1664 623 1712 eius
643 1662 694 1710 in
716 1678 777 1711 eo
794 1661 969 1726 codice
990 1679 1090 1711 non
1113 1663 1334 1723 haberet,
1365 1663 1448 1725 qui
1469 1672 1573 1711 tum
1591 1663 1834 1714 interlitus

91 1752 447 1816 proferebatur.
524 1750 623 1799 His
672 1751 736 1799 de
784 1752 946 1799 causis
995 1752 1051 1801 C.
1108 1750 1282 1800 Iunius
1331 1753 1696 1802 condemnatus
1744 1733 1834 1813 est,

97 1841 303 1902 iudices,
340 1840 598 1890 levissimis
636 1850 685 1889 et
720 1839 1080 1901 infirmissimis,
1125 1841 1493 1903 quas‘omnino
1519 1844 1568 1889 in
1595 1842 1835 1892 iudicium

95 1931 270 1980 adferri
306 1946 410 1981 non
447 1929 678 1993 oportuit.
754 1932 933 1994 Itaque
970 1945 1236 1993 oppressus
1274 1939 1361 1990 est,
1403 1947 1505 1979 non
1543 1947 1706 1992 causa,
1746 1935 1836 1982 sed

92 2028 327 2084 tempore.
356 2067 463 2082 „NJ
1228 2000 1239 2006 x
1864 2036 1924 2066 20

159 2111 398 2158 XXXIV.
436 2120 517 2173 92.
560 2110 678 2157 Hoc
726 2124 814 2157 vos
864 2107 1099 2158 Cluentio
1149 2108 1387 2158 iudicium
1425 2110 1608 2173 putatis
1657 2112 1835 2160 obesse

94 2201 358 2262 oportere?
395 2199 560 2261 Quam
599 2199 664 2247 ob
701 2200 942 2247 causam?
978 2198 1030 2247 Si
1056 2214 1117 2247 ex
1142 2199 1251 2261 lege
1277 2199 1575 2249 subsortitus
1600 2217 1704 2249 non
1731 2210 1835 2251 erat

95 2288 268 2347 Iunius
316 2297 400 2337 aut
448 2287 490 2336 si
532 2287 581 2335 in
626 2288 844 2350 aliquam
892 2288 1055 2351 legem
1101 2288 1375 2351 aliquando
1422 2305 1524 2338 non
1572 2289 1832 2350 iuraverat,

82 2377 283 2442 *idcirco
319 2377 451 2426 illius
487 2376 816 2426 damnatione
853 2375 1043 2440 aliquid
1082 2377 1146 2426 de
1184 2377 1423 2427 Cluentio
1487 2378 1834 2429 iudicabatur?

23 2449 24 2452 Ἴ
98 2470 109 2492 ‘
126 2467 274 2527 Non,'
299 2466 460 2529 inquit
482 2485 492 2514 :
533 2467 651 2515 ‘sed
676 2464 759 2514 ille
784 2465 972 2515 idcirco
999 2465 1094 2514 illis
1120 2466 1311 2530 legibus
1351 2468 1717 2518 condemnatus
1744 2478 1830 2529 est,
1861 2479 1918 2528 25

2 2623 5 2626 Ι
94 2555 231 2619 quod
265 2565 438 2605 contra
463 2554 612 2604 aliam
637 2557 798 2619 legem
823 2554 1176 2623 commiserat.'
1263 2557 1365 2618 Qui
1391 2556 1487 2605 hoc
1513 2559 1830 2619 confitentur,
1857 2547 1859 2549 ¹

0 2671 5 2710 g
93 2653 300 2708 possunt
330 2645 464 2693 idem
500 2643 626 2693 illud
662 2642 900 2693 iudicium
921 2626 1070 2694 fuisse
1092 2645 1400 2694 defendere?
1441 2648 1634 2710 ‘Ergo,'
1654 2647 1830 2711 inquit,

4 2756 6 2766 ι
94 2731 314 2799 ‘idcirco
346 2731 553 2781 infestus
590 2741 696 2781 tum
732 2734 948 2796 populus
986 2735 1249 2782 Romanus
1287 2733 1378 2782 fuit
1415 2736 1471 2785 C.
1503 2736 1666 2796 Iunio,
1695 2739 1833 2800 quod

93 2820 216 2870 illud
252 2820 492 2870 iudicium
528 2817 939 2886 corruptum’per
976 2840 1090 2872 eum
1126 2824 1425 2886 putabatur.'
1511 2827 1646 2874 Num
1687 2826 1833 2890 igitur

9 2954 11 2959 ,
96 2910 195 2960 hoc
230 2919 454 2974 ternpore
490 2926 639 2959 causa
674 2920 865 2961 mutata
891 2915 1003 2966 est?
1038 2929 1157 2960 num
1183 2911 1280 2961 alia
1306 2930 1397 2973 res,
1425 2913 1520 2963 alia
1545 2915 1672 2973 ratio
1698 2916 1828 2965 illius
1855 2926 1919 2972 30

75 2996 275 3061 iudicii,
302 2999 397 3048 alia
423 3007 597 3048 natura
621 3000 773 3048 totius
798 3001 987 3064 negotii
1013 3017 1151 3049 nunc
1179 3010 1253 3050 est
1278 3017 1337 3050 ac
1365 3011 1472 3051 tum
1509 3002 1640 3053 fuit?
1710 3007 1829 3054 Non

94 3086 271 3150 opinor
317 3103 377 3136 ex
413 3087 484 3136 eis
530 3089 691 3158 rebuS,
743 3104 871 3151 quae
906 3098 1074 3153 gestae
1112 3099 1240 3151 sunt,
1279 3107 1385 3140 rem
1420 3093 1574 3141 ullam
1610 3093 1832 3156 potuisse

93 3176 282 3224 mutari.
356 3187 437 3241 93.
477 3175 618 3238 Quid
644 3193 758 3240 ergo
785 3185 859 3226 est
886 3193 1063 3226 causae
1090 3179 1229 3240 quod
1254 3195 1390 3228 nunc
1415 3189 1585 3230 nostra
1604 3182 1829 3231 defensio
