2106 3386
227 137 297 188 68
449 137 603 190 PRO
643 136 709 187 A.
754 135 1171 189 CLUENTIO
1214 135 1541 190 ORATIO.
1645 136 1976 204 [LX111.177

228 287 453 340 tempore
489 292 614 339 puer
650 285 698 325 et
735 276 819 324 illa
856 275 1083 339 quaestio
1121 277 1185 325 de
1222 275 1373 338 patris
1411 277 1487 324 sui
1536 284 1696 325 morte
1743 260 1978 325 constitui

229 366 489 426 diceretur,
540 365 633 414 etsi
679 367 820 414 illum
869 381 1069 414 servum
1129 375 1178 414 et
1237 364 1330 413 sibi
1390 365 1696 413 benevolum
1756 381 1866 414 esse
1926 375 1977 415 et

227 456 354 519 patri
378 454 528 504 fuisse
553 454 894 514 arbitrabatur,
922 454 1047 502 nihil
1072 463 1242 503 tamen
1271 463 1345 503 est
1370 470 1520 502 ausus
1544 470 1787 503 recusare.
1877 455 1980 503 Ad-

231 555 469 594 vocantur
492 544 639 593 amici
666 553 714 592 et
738 543 965 606 hospites
1005 543 1276 607 Oppianici
1302 552 1351 592 et
1376 523 1778 606 ipsius‘mulieris
1818 543 1977 603 multi,

173 658 199 706 5
228 634 456 685 homines
500 635 700 683 honesti
748 642 899 696 atque
947 635 1183 682 omnibus
1231 634 1380 682 rebus
1430 632 1604 682 ornati.
1693 632 1981 682 Tormentis

229 724 460 774 omnibus
508 724 947 772 vehementissime
986 724 1249 786 quaeritur.
1326 724 1456 772 Cum
1495 731 1662 771 essent
1697 721 1852 770 animi
1888 737 1983 771 ser-

230 830 403 863 vorum
453 822 501 861 et
551 828 640 875 spe
688 821 739 861 et
786 820 923 860 metu
970 812 1215 874 temptati,
1267 820 1320 860 ut
1368 811 1559 874 aliquid
1596 811 1648 859 in
1685 810 1982 875 quaestione

231 903 468 962 dicerent,
497 911 682 963 tamen,
710 910 765 949 ut
790 900 1015 961 arbitror,
1049 900 1347 950 auctoritate
1373 902 1730 950 advocatorum
1756 908 1909 964 atque
1932 905 1986 955 v‘p.

230 1002 591 1042 tormentorum
612 992 834 1050 adducti,
856 990 907 1039 in
923 990 1129 1041 veritate
1146 970 1437 1039 manserunt
1454 1006 1619 1053 neque
1637 1007 1690 1039 se
1706 989 1979 1054 quicquam

145 1105 203 1135 10
230 1082 354 1132 scire
380 1081 622 1130 dixerunt.
701 1088 810 1145 177.
853 1080 1098 1143 Quaestio
1123 1080 1210 1129 illo
1236 1079 1319 1129 die
1346 1080 1409 1130 de
1434 1079 1713 1129 amicorum
1733 1079 1984 1128 sententia

231 1170 436 1220 dimissa
473 1179 560 1219 est.
634 1171 763 1219 Satis
800 1171 953 1233 longo
990 1171 1252 1219 intervallo
1289 1178 1404 1233 post
1441 1169 1622 1218 iterum
1660 1169 1984 1218 advocantur.

233 1261 466 1309 Habetur
513 1260 577 1309 de
614 1259 807 1323 integro
843 1259 1104 1323 quaestio:
1140 1259 1280 1307 nulla
1316 1258 1390 1308 vis
1439 1267 1804 1308 tormentorum
1851 1273 1986 1307 acer·

230 1350 468 1399 rimorum
506 1350 942 1413 praetermittitur:
979 1348 1233 1397 adversari
1269 1347 1505 1398 advocati
1543 1356 1591 1397 et
1627 1347 1729 1397 iam
1754 1348 1834 1396 vix
1858 1348 1984 1397 ferre

232 1455 395 1502 posse,
446 1440 607 1488 furere
650 1437 865 1497 crudelis
908 1447 1061 1502 atque
1103 1437 1392 1502 importuna
1433 1437 1627 1500 mulier,
1670 1435 1766 1486 sibi
1806 1453 1989 1509 nequa-

147 1549 203 1598 15
233 1545 399 1592 quam,
449 1538 504 1577 ut
552 1537 817 1592 sperasset,
869 1544 941 1588 ea,
995 1544 1124 1590 quae
1173 1527 1456 1591 cogitasset,
1493 1527 1780 1590 procedere.
1857 1510 1989 1576 Cum

232 1619 332 1668 iarn
369 1627 528 1668 tortor
565 1627 716 1681 atque
753 1626 920 1667 essent
955 1626 1208 1666 tormenta
1244 1618 1353 1680 ipsa
1390 1617 1584 1666 defessa
1619 1631 1784 1679 neque
1819 1623 1989 1664 tamen

234 1707 319 1756 illa
355 1709 509 1756 finem
545 1707 710 1755 facere
747 1707 912 1766 vellet,
954 1707 1162 1769 quidam
1189 1722 1249 1755 ex
1273 1706 1550 1765 advocatiS,
1578 1706 1735 1754 homo
1761 1713 1810 1754 et
1834 1705 1992 1753 hono-

233 1798 368 1845 ribus
405 1795 579 1860 populi
616 1805 820 1844 ornatus
859 1804 908 1844 et
946 1811 1144 1844 summa
1179 1795 1359 1845 virtute
1395 1794 1670 1858 praeditus,
1697 1793 1991 1857 intellegere

233 1903 286 1936 se
323 1885 448 1935 dixit
483 1901 588 1934 non
623 1885 676 1933 id
713 1886 807 1948 agi,
845 1893 901 1933 ut
925 1901 1097 1934 verum
1123 1883 1442 1944 inveniretur,
1471 1884 1561 1933 sed
1585 1892 1639 1932 ut
1664 1883 1858 1946 aliquid
1881 1881 1991 1931 falsi

147 1993 210 2024 20
233 1977 400 2025 dicere
437 1983 748 2038 cogerentur.
823 1976 944 2022 Hoc
980 1983 1251 2037 postquam
1288 1974 1442 2022 ceteri
1479 1973 1887 2036 comprobarunt,
1929 1986 1997 2021 ex>

234 2065 460 2114 omnium
487 2063 737 2112 sententia
762 2064 1094 2112 constitutum
1120 2071 1196 2112 est
1228 2062 1347 2111 satis
1371 2061 1530 2111 videri
1555 2077 1664 2111 esse
1690 2061 1987 2125 quaesitum.

237 2151 348 2219 178.
403 2151 654 2201 Redditur
704 2151 991 2215 Oppianico
1043 2150 1375 2212 Nicostratus,
1431 2149 1672 2199 Larinum
1722 2150 1834 2212 ipsa
1883 2163 1994 2213 pro-

236 2241 474 2290 ficiscitur
508 2256 623 2289 curn
650 2241 750 2288 suis
775 2255 1017 2299 maerens,
1046 2239 1183 2302 quod
1221 2240 1320 2287 iam
1345 2246 1479 2287 certe
1503 2239 1811 2287 incolumem
1835 2234 1992 2285 filium

236 2331 342 2378 fore
378 2330 605 2392 putabat,
642 2329 708 2378 ad
745 2344 894 2391 quem
933 2344 1037 2377 non
1062 2327 1219 2376 modo
1243 2343 1417 2376 verum
1443 2326 1646 2386 crimen,
1675 2325 1767 2374 sed
1790 2340 1856 2374 ne
1879 2325 1996 2374 ficta

151 2440 175 2470 2
186 2436 210 2485 5
238 2417 446 2481 quidem
472 2418 690 2480 suspicio
710 2418 990 2481 perveniret
1011 2426 1061 2466 et
1083 2416 1163 2464 cui
1182 2432 1286 2465 non
1306 2415 1462 2464 modo
1482 2418 1658 2478 aperta
1676 2412 1995 2466 inimicorum

240 2505 566 2570 oppugnatiO,
618 2506 708 2555 sed
743 2522 807 2554 ne
845 2507 1075 2554 occultae
1112 2506 1320 2568 quidem
1356 2502 1527 2552 matris
1562 2500 1777 2551 insidiae
1813 2516 1997 2551 nocere

240 2593 534 2657 potuissent.
611 2594 852 2643 Larinum
899 2603 1172 2657 postquam
1209 2594 1362 2652 venit,
1400 2607 1532 2655 quae
1570 2607 1600 2640 a
1635 2592 1870 2640 Stratone
1906 2588 1993 2639 illo

240 2698 492 2732 venenum
517 2691 666 2731 antea
690 2681 798 2731 viro
823 2698 916 2731 suo
941 2682 1118 2731 datum
1138 2682 1231 2730 sibi
1251 2696 1546 2744 persuasum
1568 2695 1678 2729 esse
1697 2678 1996 2740 simulasset,

240 2771 533 2820 instructam
588 2773 633 2820 ei
681 2771 925 2821 continuo
962 2780 1013 2821 et
1048 2779 1278 2820 ornatam
1330 2769 1500 2818 Larini
1535 2768 1819 2819 medicinae
1867 2783 2000 2819 exer-

152 2880 216 2926 30
240 2861 433 2910 cendae
460 2875 611 2907 causa
636 2860 897 2908 tabernam
923 2858 1074 2908 dedit.

310 2949 493 2998 LXIV.
539 2949 730 3009 Unum,
768 2950 991 3007 alterum,
1031 2946 1231 2996 tertium
1267 2963 1456 2996 annum
1494 2945 1660 2996 Sassia
1696 2945 2000 3009 quiescebat,

240 3047 294 3086 ut
317 3037 445 3085 velle
470 3044 622 3098 atque
658 3044 831 3098 optare
868 3034 1058 3099 aliquid
1094 3034 1390 3084 calamitatis
1427 3034 1531 3084 filio
1565 3033 1733 3099 potius
1758 3048 1911 3096 quam
1948 3031 2002 3082 id

240 3136 427 3176 struere
470 3134 519 3174 et
555 3124 719 3174 moliri
755 3124 1018 3174 videretur.
1095 3132 1206 3190 179.
1247 3126 1380 3173 Tum
1405 3123 1603 3173 interim
1637 3123 1693 3187 Q.
1725 3120 2003 3172 Hortensio
