2106 3386
118 97 330 173 *Lxm
366 119 487 189 176]
583 118 736 171 PRo
781 117 848 167 A.
891 114 1307 169 cLUENTIO
1351 112 1676 166 oRATio.
1826 112 1895 175 67

155 261 423 308 multorum
449 257 555 308 eius
581 256 721 306 modi
741 272 910 305 casum
927 254 1134 303 minime
1152 255 1345 301 firmam
1363 250 1543 300 veneni
1561 249 1897 313 suspicionem

154 350 389 398 haberet:
426 348 609 411 quodsi
625 354 755 395 esset
772 343 1118 408 suspiciosum,
1141 352 1310 391 tamen
1330 341 1496 404 potius
1519 341 1583 389 ad
1603 339 1727 388 alios
1749 355 1897 402 quam

152 437 216 485 ad
266 435 513 485 Habitum
550 433 831 498 pertineret.
907 434 1096 480 Verum
1133 431 1185 479 in
1223 447 1284 480 eo
1321 430 1432 493 ipso
1473 430 1706 478 homines
1743 428 1899 490 impu-

153 525 444 575 dentissime
481 524 801 572 mentiuntur.
879 522 943 571 Id
978 530 1033 570 ut
1057 520 1372 584 intellegatis,
1399 528 1450 569 et
1475 528 1688 568 mortem
1715 516 1823 566 eius
1850 526 1899 565 et

153 630 303 677 quem
329 613 393 661 ad
419 615 628 662 modum
653 621 766 676 post
791 620 1004 660 mortem
1029 612 1081 658 in
1109 609 1357 659 Habitum
1385 609 1447 658 sit
1472 607 1662 657 crimen
1685 623 1715 655 a
1740 616 1898 655 matre
1959 617 1984 665 5

153 703 435 766 quaesitum
462 700 768 765 cognoscite.

224 798 333 856 175.
376 792 506 841 Cum
542 807 696 853 vagus
734 797 783 838 et
819 789 958 837 exsul
997 797 1178 837 erraret
1217 796 1369 851 atque
1407 787 1630 851 undique
1669 791 1900 843 exclusus

153 879 467 944 Oppianicus
503 878 554 927 in
592 880 858 927 Falernum
895 894 947 927 se
984 878 1050 926 ad
1088 879 1142 925 L.
1174 876 1471 939 Quinctium
1497 878 1803 938 contulisset,
1830 878 1900 928 ibi

152 969 367 1032 primum
427 967 478 1041 in
532 969 765 1016 morbum
818 965 995 1031 incidit
1047 982 1107 1014 ac
1164 967 1281 1015 satis
1334 967 1659 1016 vehementer
1712 967 1901 1031 diuque

153 1036 459 1121 aegrotavit.⁴
513 1057 645 1106 Cum
681 1065 811 1106 esset
836 1072 939 1105 una
974 1054 1139 1105 Sassia
1164 1072 1325 1118 eaque
1350 1057 1460 1105 Sex.
1489 1056 1641 1106 Albio
1679 1058 1900 1120 quodam
1931 1076 1990 1107 10

152 1149 351 1208 colono,
400 1147 604 1195 homine
651 1146 850 1207 valenti,
902 1145 986 1208 qui
1036 1145 1185 1195 simul
1222 1161 1331 1194 esse
1368 1146 1575 1206 solebat,
1614 1147 1901 1196 familiarius

153 1245 386 1297 uteretur,
413 1253 563 1301 quam
587 1238 660 1285 vir
686 1235 1096 1285 dissolutissimus
1116 1235 1356 1303 incolumi
1376 1236 1573 1307 fortuna
1591 1238 1696 1298 pati
1714 1247 1898 1300 posset,

154 1336 204 1376 et
242 1328 319 1375 ius
354 1325 479 1375 illud
515 1324 819 1373 matrimonii
855 1334 1048 1374 castum
1085 1334 1236 1387 atque
1273 1324 1549 1388 legitimum
1576 1326 1901 1375 damnatione

153 1415 243 1464 viri
279 1416 534 1477 sublatum>
567 1416 900 1474 arbitraretur,
929 1413 1248 1463 Nicostratus
1274 1414 1497 1477 quidam,
1527 1416 1690 1464 fidelis
1716 1415 1902 1480 Oppia-

153 1505 253 1554 nici
290 1506 526 1565 servulus,
565 1506 883 1575 percuriosus
921 1513 970 1553 et
1007 1503 1216 1552 minime
1253 1505 1486 1564 mendax,
1524 1506 1683 1553 multa
1720 1506 1902 1554 dicitur
1931 1519 1988 1568 15

154 1593 361 1644 domino
385 1593 668 1643 renuntiare
694 1594 869 1643 solitus
896 1610 1016 1643 esse.
1094 1596 1297 1643 Interea
1322 1579 1635 1657 Oppianicus
1661 1611 1776 1643 cum
1802 1594 1901 1643 iarn

153 1685 526 1733 convalesceret
561 1699 724 1746 neque
761 1683 1134 1746 improbitatem
1172 1684 1341 1732 coloni
1378 1683 1428 1730 in
1467 1684 1678 1732 Falerno
1717 1683 1901 1733 diutius

155 1775 279 1822 ferre
314 1781 486 1836 posset
522 1781 571 1822 et
607 1773 707 1821 huc
743 1773 809 1821 ad
845 1773 1018 1821 urbem
1055 1773 1306 1835 profectus
1343 1774 1740 1822 esset—solebat
1766 1773 1900 1822 enim

155 1872 294 1912 extra
340 1871 538 1926 portam
576 1861 766 1925 aliquid
815 1862 999 1911 habere
1048 1862 1603 1911 conducti—cecidisse
1652 1863 1717 1912 de
1766 1879 1899 1926 equo

155 1952 336 2001 dicitur
354 1961 404 2001 et
423 1954 578 2001 homo
597 1953 791 2000 infirma
809 1953 1100 2001 valetudine
1119 1953 1250 2000 latus
1271 1951 1542 2001 offendisse
1562 1952 1900 2011 vehementer,
1933 1963 1994 1993 20

155 2050 218 2101 et,
257 2050 435 2105 postea
470 2058 623 2105 quam
658 2042 725 2090 ad
761 2042 938 2090 urbem
974 2058 1091 2089 cum
1126 2042 1248 2090 febri
1285 2043 1486 2102 venerit,
1528 2041 1700 2104 paucis
1727 2042 1904 2091 diebus

155 2146 264 2180 esse
312 2139 549 2179 mortuus.
626 2132 807 2179 Mortis
854 2129 994 2189 ratio,
1034 2129 1242 2190 iudices,
1283 2132 1388 2179 eius
1428 2133 1567 2180 modi
1604 2140 1693 2193 est,
1731 2140 1784 2179 ut
1820 2141 1904 2179 aut

156 2219 281 2268 nihil
306 2221 491 2282 habeat
516 2219 814 2283 suspicionis
839 2229 939 2280 aut,
969 2222 1008 2268 si
1036 2221 1159 2283 quid
1184 2221 1352 2282 habet,
1380 2220 1433 2269 id
1458 2222 1587 2269 intra
1611 2222 1824 2283 parietes
1851 2222 1901 2268 in

157 2309 442 2358 domestico
467 2294 653 2359 scelere
679 2319 912 2359 versetur.

226 2401 423 2448 LXIII.
467 2398 577 2464 176.
619 2402 739 2449 Post
758 2409 972 2448 mortem
993 2401 1099 2448 eius
1121 2397 1329 2465 [Sassia]
1351 2401 1512 2448 moliri
1534 2401 1699 2447 statim
1719 2400 1904 2448 nefaria
1933 2407 1990 2455 25

158 2489 334 2537 mulier
358 2490 524 2551 coepit
549 2488 757 2538 insidias
781 2489 884 2538 filio
905 2508 914 2538 :
954 2490 1304 2551 quaestionem
1332 2489 1518 2537 habere
1544 2490 1608 2538 de
1627 2490 1717 2537 viri
1743 2498 1903 2538 morte

157 2577 430 2626 constituit.
507 2578 642 2627 Emit
691 2580 756 2628 de
791 2582 851 2627 A.
895 2577 1116 2641 Rupilio,
1157 2594 1258 2640 quo
1298 2587 1399 2627 erat
1435 2594 1553 2626 usus
1591 2578 1903 2641 Oppianicus

159 2665 374 2726 medico,
425 2668 709 2716 Stratonem
758 2668 1028 2731 quendam,
1080 2668 1222 2730 quasi
1270 2676 1325 2715 ut
1374 2667 1507 2716 idem
1546 2669 1730 2717 faceret
1767 2668 1904 2731 quod

161 2753 383 2803 Habitus
409 2756 458 2803 in
486 2758 707 2805 emendo
734 2758 964 2820 Diogene
989 2758 1193 2810 fecerat.
1278 2759 1357 2805 De
1384 2757 1480 2804 hoc
1507 2759 1740 2806 Stratone
1767 2765 1816 2806 et
1842 2757 1905 2805 de

159 2845 311 2892 Ascla
347 2845 568 2907 quodam
606 2862 747 2895 servo
785 2863 876 2895 suo
914 2848 1249 2909 quaesituram
1287 2862 1396 2895 esse
1432 2846 1570 2896 dixit.
1646 2849 1906 2896 Praeterea
1933 2848 1996 2894 30

159 2949 358 2982 servum
394 2935 533 2982 illum
571 2936 926 2995 Nicostratum,
966 2951 1117 2998 quem
1142 2934 1354 2983 nimium
1379 2937 1645 2999 loquacem
1672 2936 1822 2984 fuisse
1847 2952 1906 2984 ac

162 3020 372 3070 nimium
421 3022 628 3071 domino
676 3024 877 3074 fidelem
925 3023 1270 3083 arbitrabatur,
1321 3025 1386 3073 ab
1435 3025 1534 3073 hoc
1581 3025 1905 3073 adulescente

162 3111 444 3174 Oppianico
492 3113 542 3160 in
592 3112 940 3175 quaestionem
989 3113 1274 3176 postulavit.
1351 3115 1454 3162 Hic
1491 3131 1605 3162 cum
1643 3122 1773 3162 esset
1821 3112 1907 3160 illo
