2106 3386
298 159 362 208 14
607 141 761 194 PRO
804 142 872 193 A.
915 141 1333 195 CLUENTIO
1375 140 1702 194 ORATIO.
1778 142 1934 210 [xm.
1966 154 2037 209 372

289 283 607 332 commodius
655 283 705 330 in
754 284 900 332 turba
955 298 1102 346 posse
1151 281 1374 332 arbitrati
1423 291 1550 331 sunt.
1651 282 1866 332 Asuvius
1918 299 2034 331 cum

291 372 477 422 Avillio
535 375 752 421 Romam
812 380 887 421 est
946 373 1230 434 profectus:
1291 372 1384 420 hos
1444 370 1663 435 vestigiis
1723 371 2034 436 Oppianicus
2096 378 2106 419 ‘1

291 471 592 526 c-o-ngecutus
635 470 723 511 est.
799 463 909 510 Iam
943 470 998 510 ut
1032 463 1228 510 Rornae
1271 459 1496 520 vixerint,
1546 460 1731 524 quibus
1779 461 2034 523 conviviiS,
2085 451 2106 503 ⁴³}

293 552 475 615 quibus
527 550 740 614 flagitiis,
790 550 990 613 quantis
1037 560 1086 599 et
1135 567 1287 621 quam
1334 551 1549 613 profusis
1598 550 1893 615 sumptibus,
1932 567 2035 600 non
2096 536 2103 540 ,.

240 654 265 704 5
292 642 446 691 modo
493 641 713 700 conscio,
764 640 854 689 sed
901 639 1052 688 etiam
1101 639 1313 688 conviva
1361 649 1410 688 et
1457 638 1686 689 adiutore
1735 639 2036 704 Oppianico,

292 733 499 793 longum
558 738 633 779 est
692 728 858 778 dicere
916 727 1054 788 mihi,
1106 728 1397 791 praesertim
1457 729 1521 777 ad
1580 729 1678 778 alia
1735 730 2034 794 properanti.

294 821 494 868 Exitum
519 817 664 867 huius
689 817 1017 866 adsimulatae
1042 817 1389 867 familiaritatis
1406 818 1709 881 cognoscite.
1783 825 1867 884 37.
1907 819 2038 869 Cum
2104 862 2106 870 .

293 916 424 957 esset
460 908 754 956 adulescens
791 907 925 969 apud
960 906 1302 955 mulierculam
1340 907 1596 971 quandam
1622 916 1788 971 atque,
1815 908 1903 958 ubi
1934 925 2037 972 per·
2102 928 2106 974 j

294 1006 535 1056 noctaret,
572 995 639 1050 ibi
677 996 812 1044 diem
848 1004 1104 1058 posterum
1143 1006 1551 1058 commoraretur,
1589 998 1815 1059 Avillius,
1836 1008 1897 1048 'ut
1935 1009 2039 1048 erat
2104 981 2106 987 Σ

211 1102 270 1134 10
294 1086 638 1147 constitutum,
701 1087 899 1134 simulat
948 1102 1000 1135 se
1049 1096 1305 1150 aegrotare
1365 1097 1414 1136 et
1473 1096 1826 1137 testamentum
1875 1090 2038 1139 facere
2103 1074 2106 1076 .

293 1177 434 1226 velle.
510 1174 819 1239 Oppianicus
845 1176 1187 1239 obsignatores
1224 1178 1289 1226 ad
1326 1194 1454 1237 eum,
1483 1177 1567 1240 qui
1604 1193 1768 1242 neque
1794 1178 2035 1227 Asuvium
2091 1247 2094 1249 Β

294 1281 461 1329 neque
496 1264 734 1314 Avillium
775 1274 995 1325 nossent,
1034 1265 1239 1314 adducit
1277 1275 1325 1314 et
1365 1266 1504 1314 illum
1541 1267 1786 1316 Asuvium
1822 1269 2038 1331 appellat
2089 1268 2106 1327 κζ

294 1354 414 1418 ipse.
546 1355 876 1402 Testamento
936 1353 1092 1402 Asuvi
1151 1354 1356 1403 nomine
1420 1354 1683 1418 obsignato
1753 1354 2036 1406 disceditur.
2100 1370 2106 1426 j

294 1443 505 1492 Avillius
531 1442 646 1491 ilico
672 1443 990 1491 convalescit.
1067 1443 1283 1492 Asuvius
1318 1453 1487 1493 autem
1524 1444 1663 1493 brevi
1688 1444 1773 1493 illo
1799 1454 2039 1507 ternpore,

214 1543 268 1593 15
296 1533 438 1596 quasi
475 1532 526 1580 in
568 1531 795 1581 hottulos
838 1532 944 1591 iret,
984 1532 1036 1579 in
1073 1534 1355 1581 harenarias
1392 1533 1637 1596 quasdam
1675 1542 1816 1582 extra
1847 1531 2041 1597 portam
2102 1555 2106 1588 ς

298 1620 607 1684 Esquilinam
634 1621 906 1683 perductus
943 1620 1198 1670 occiditur.
1273 1621 1352 1685 38.
1396 1621 1499 1684 Qui
1535 1638 1651 1672 cum
1689 1638 1843 1671 unum
1868 1622 1967 1672 iam
1992 1632 2042 1673 et

295 1712 501 1759 alterum
546 1710 677 1759 diem
722 1710 1087 1759 desideraretur
1112 1727 1275 1774 neque
1315 1711 1365 1759 in
1408 1711 1466 1760 iis
1509 1711 1650 1774 locis,
1694 1712 1783 1761 ubi
1824 1729 1886 1762 ex
1925 1728 2044 1762 eon-
2091 1709 2106 1780 ξ

297 1800 573 1849 suetudine·
608 1800 950 1863 quaerebatur,
1001 1799 1318 1861 inveniretur,
1371 1810 1420 1850 et
1470 1801 1781 1865 Oppianicus
1830 1802 1882 1850 in
1931 1803 2042 1852 soro
2091 1850 2106 1889 3

298 1889 603 1937 Larinatium
642 1889 889 1938 dictitaret
937 1906 1095 1952 nuper
1131 1907 1183 1939 se
1220 1900 1268 1939 et
1306 1907 1422 1939 suos
1459 1891 1648 1939 amicos
1685 1900 2040 1941 testamentum
2092 1890 2106 1979 3

211 1990 274 2022 20
298 1977 406 2027 eius
432 1978 737 2041 obsignasse,
766 1978 929 2028 liberti
955 1979 1112 2028 Asuvi
1138 1989 1187 2028 et
1212 1996 1316 2029 non
1342 1980 1464 2028 nulli
1500 1980 1663 2041 amici,
1690 1982 1830 2045 quod
1853 1997 1923 2031 eo
1942 1980 2042 2041 die,

298 2084 400 2131 quo
437 2076 745 2130 postremum
781 2069 999 2116 Asuvius
1035 2068 1171 2117 visus
1208 2079 1326 2130 erat,
1367 2069 1605 2118 Avillium
1642 2087 1758 2119 cum
1797 2087 1858 2120 eo
1894 2072 2042 2120 fuisse
2088 2056 2106 2141 3

297 2166 345 2204 et
371 2173 400 2204 a
425 2148 592 2205 multis
617 2156 777 2205 visum
800 2173 908 2206 esse
933 2159 1212 2218 constabat,
1233 2158 1285 2206 in
1302 2175 1415 2207 eum
1443 2159 1686 2208 invadunt
1714 2169 1762 2208 et
1787 2158 2042 2210 hominem
2088 2142 2106 2232 3

297 2255 414 2294 ante
452 2247 608 2309 pedes
649 2247 714 2307 Q.
760 2246 935 2308 Manli,
988 2247 1073 2309 qui
1122 2257 1227 2296 tum
1277 2257 1381 2296 erat
1424 2247 1661 2308 triumvir,
1698 2248 2043 2299 constituunt:
2087 2235 2106 2357 3

298 2345 449 2399 atque
473 2335 555 2384 ille
588 2335 845 2397 continuo,
873 2337 1011 2385 nullo
1055 2345 1198 2399 teste,
1227 2338 1364 2386 nullo
1407 2338 1590 2399 indice,
1635 2338 1848 2388 recentis
1894 2339 2045 2388 male·
2087 2343 2106 2424 3

215 2431 271 2480 25
300 2422 397 2471 ficii
421 2423 729 2472 conscientia
766 2425 1068 2487 perterritus,
1097 2424 1282 2486 omnia,
1311 2435 1365 2474 ut
1391 2443 1419 2474 a
1445 2442 1525 2475 me
1562 2427 1730 2489 paullo
1766 2435 1883 2476 ante
1909 2427 2045 2477 dicta
2084 2423 2106 2525 ,Ξ

299 2522 430 2573 sunt,
474 2515 680 2575 exponit
728 2515 1073 2577 Asuviumque
1115 2532 1144 2563 a
1187 2531 1293 2563 sese
1338 2517 1550 2564 consilio
1594 2517 1860 2580 Oppianici
1902 2518 2046 2566 inter·
2099 2545 2102 2572 5

300 2603 485 2651 fectum
534 2603 726 2651 fatetur.
822 2613 904 2667 39.
947 2604 1233 2651 Extrahitur
1282 2605 1437 2653 domo
1485 2606 1684 2653 latitans
1735 2605 2044 2668 Oppianicus

300 2708 329 2740 a
356 2692 578 2740 Manlio:
617 2693 767 2740 index
793 2693 1002 2741 Avillius
1028 2709 1090 2740 ex
1114 2693 1267 2741 altera
1292 2702 1431 2756 parte
1457 2710 1628 2742 coram
1656 2703 1866 2744 tenetur.
1941 2695 2044 2743 Hic

302 2780 421 2843 quid
455 2781 550 2827 iam
587 2782 777 2843 reliqua
813 2782 1086 2844 quaeritis?
1158 2783 1405 2830 Manlium
1433 2783 1658 2845 plerique
1683 2784 1904 2832 noratis:
1941 2770 2102 2849 non

213 2880 277 2926 30
302 2870 382 2918 ille
442 2870 683 2918 honorem
745 2886 773 2918 a
832 2872 1055 2933 pueritia,
1108 2887 1209 2920 non
1261 2872 1426 2920 studia
1473 2873 1680 2932 virtutis,
1731 2888 1836 2921 non
1884 2862 2105 2936 ullum

302 2959 679 3006 existimationis
706 2959 869 3008 bonae
894 2960 1107 3008 fructum
1146 2976 1381 3024 umquam
1409 2962 1679 3024 cogitarat:
1716 2978 1778 3010 ex
1802 2962 2042 3025 petulanti

302 3055 453 3110 atque
502 3031 731 3109 improbo
780 3064 946 3096 scurra
994 3051 1043 3096 in
1091 3049 1355 3098 discordiis
1410 3049 1625 3099 civitatis
1674 3052 1739 3100 ad
1787 3067 1900 3100 eam
1945 3051 2027 3099 col
2075 3042 2099 3062 '³

302 3152 522 3198 umnam,
561 3137 624 3184 ad
662 3152 811 3199 quam
850 3139 1120 3186 multorum
1160 3155 1310 3201 saepe
1346 3139 1584 3188 conviciis
1620 3141 1888 3202 perductus
1922 3147 2086 3211 erat„⁶
