2106 3386
141 154 253 193 mv.
292 141 414 209 149]
506 142 659 193 PRo
703 142 770 192 Α.
815 141 1233 194 CLUENTIO
1277 143 1603 195 ORATIO.
1821 155 1883 208 57

143 281 251 346 148.
292 280 343 330 Si
368 280 477 343 quis
502 282 637 344 apud
663 297 758 341 me,
785 282 843 328 T.
874 280 1014 339 Acci,
1043 290 1092 330 te
1115 297 1254 330 reum
1279 281 1397 330 velit
1422 283 1598 341 facere,
1626 283 1814 330 clames
1839 290 1887 330 te

139 371 249 433 1686
273 368 597 432 pecuniarum
622 369 1012 433 repetundarum
1036 385 1140 419 non
1176 370 1347 419 teneri.
1423 373 1604 433 Neque
1640 371 1767 419 haec
1803 378 1889 419 tua

140 457 386 508 recusatio
411 457 662 507 confessio
689 458 751 506 sit
776 466 951 521 captae
975 458 1232 521 pecuniae,
1262 459 1352 508 sed
1388 459 1573 509 laboris
1599 468 1648 508 et
1683 458 1890 522 periculi

64 580 68 581 ν
142 562 244 596 non
270 545 478 609 legitimi
504 545 788 595 declinatio.

210 637 346 684 LIV.
385 636 537 684 Nunc
574 635 697 697 quid
732 642 905 698 agatur
941 643 991 682 et
1028 633 1150 697 quid
1186 636 1274 683 abs
1317 643 1366 683 te
1407 617 1525 683 iuris
1561 633 1891 684 constituatur
1948 651 1972 699 5

142 724 269 772 vide.
346 724 493 772 Iubet
518 724 596 772 16)(
638 739 711 783 ea,
753 739 852 786 qua
889 724 999 786 lege
1041 724 1166 772 haec
1208 723 1436 787 quaestio
1484 723 1756 772 constituta
1798 735 1887 782 est,

141 811 360 861 iudicem
385 811 704 875 quaestionis,
731 812 828 860 hoc
853 820 941 871 est,
971 813 1032 873 Q.
1062 811 1364 881 Voconium,
1390 823 1505 861 cum
1531 812 1601 861 eis
1626 811 1889 872 iudicibus,

143 900 230 963 qui
255 902 299 950 ei
325 901 781 949 obvenerint—vos
806 901 1039 964 appellat,
1068 900 1570 964 iudices—quaerere
1595 903 1660 951 de
1675 917 1884 951 veneno.

146 992 205 1038 In
266 1006 417 1053 quem
467 992 739 1052 quaerere?
786 989 1035 1038 infinitum
1095 997 1188 1038 est.
1261 991 1603 1052 QUICUMQUE
1650 1005 1888 1051 FECERIT,

142 1094 490 1139 VENDIDERIT,
530 1093 746 1146 EMERrT,
776 1093 1064 1139 HABUERIT,
1092 1094 1343 1128 DEDERIT.
1420 1079 1557 1142 Quid
1594 1080 1774 1129 eadem
1809 1083 1890 1130 16)(
1919 1098 1976 1128 10

143 1168 311 1218 statim
360 1167 622 1232 adiungit?
658 1168 853 1217 Recita.
953 1171 1149 1227 DEQUE
1198 1184 1318 1218 EIUS
1367 1184 1555 1218 CAPITE
1603 1184 1884 1228 QUAERITo.

110 1288 126 1307 x.
145 1257 338 1308 Cuius?
372 1257 460 1320 qui
483 1256 697 1306 coierit?
733 1259 1060 1307 convenerit?
1095 1274 1200 1307 non
1226 1257 1294 1307 ita
1319 1267 1408 1307 est.
1473 1258 1612 1321 Quid
1637 1276 1754 1322 ergo
1780 1264 1891 1309 est?

143 1346 237 1423 ὀρο.
314 1349 420 1409 QUI
445 1359 716 1395 TRIBUNUS
754 1360 987 1395 MILITUM
1024 1361 1347 1397 LEGIONIBUS
1378 1362 1669 1406 QUATTUOR
1706 1364 1889 1397 PR1M1s

143 1451 307 1493 QUIVE
331 1451 622 1496 QUAESTOR,
651 1450 925 1485 TRIBUNUS
952 1451 1143 1485 PLEBIS.
1221 1437 1478 1501 Deinceps
1504 1454 1679 1487 omnes
1717 1439 1884 1502 magis·

144 1534 298 1574 tratus
325 1524 617 1574 nominavit.
692 1525 870 1586 QUIVE
897 1539 954 1571 IN
981 1539 1187 1574 SENATU
1215 1540 1557 1574 SENTENTIAM
1584 1542 1750 1587 DIXIT,
1777 1542 1892 1576 Drx-
1921 1538 1975 1586 15

145 1629 280 1663 ERIT.
377 1613 514 1675 Quid
562 1616 705 1663 tum?
763 1627 856 1671 QUI
906 1628 1091 1662 EORUM
1135 1629 1269 1675 com,
1322 1629 1552 1677 commas,
1602 1630 1887 1676 coNVENrr,

143 1717 496 1763 CONVENERIT,
542 1716 650 1760 QUO
698 1716 820 1758 QUIS
860 1717 1069 1752 IUDICIO
1107 1718 1333 1753 PUBLICo
1382 1719 1884 1756 coNDEMNARETUR.

145 1793 283 1855 ‘Qui
307 1789 536 1841 eorum.'
585 1793 841 1854 Quorum?
865 1790 1113 1851 videlicet,
1127 1792 1210 1856 qui
1227 1809 1373 1856 supra
1393 1793 1562 1857 scripti
1583 1804 1710 1844 sunt.
1755 1796 1891 1858 Quid

144 1881 334 1931 intersit
370 1890 482 1940 utro
519 1882 672 1929 modo
711 1879 954 1943 scriptum
991 1879 1068 1940 sit,
1096 1880 1188 1929 etsi
1214 1890 1288 1930 est
1325 1891 1563 1953 apertum,
1592 1883 1698 1947 ipsa
1724 1893 1891 1934 tamen

144 1972 222 2020 16)(
247 1987 338 2020 nos
365 1971 526 2019 docet.
591 1968 695 2019 Ubi
721 1968 854 2017 enim
882 1985 1057 2018 omnes
1083 1971 1316 2019 mortales
1336 1970 1536 2034 adligat,
1557 1970 1625 2020 ita
1643 1972 1862 2036 loquitur
1883 1993 1893 2022 ε
1919 1984 1980 2015 20

144 2073 235 2118 QUI
258 2061 521 2108 VENENUM
548 2073 739 2107 MALUM
779 2072 945 2125 FECIT,
975 2073 1209 2107 FECERIT.
1285 2061 1478 2110 Omnes
1514 2060 1618 2120 viri,
1645 2061 1891 2123 muliereS,

144 2147 300 2208 liberi,
329 2142 463 2196 servi
489 2147 540 2195 in
577 2146 818 2196 iudicium
844 2156 1096 2195 vocantur.
1171 2146 1221 2196 Si
1246 2148 1383 2196 idem
1410 2148 1474 2197 de
1501 2147 1720 2197 coitione
1756 2150 1892 2197 volu-

87 2271 89 2273 -
145 2236 276 2298 isset,
325 2235 661 2286 adiunxisset:
712 2237 891 2298 QUIVE
926 2250 1155 2285 coIERIT.
1230 2237 1382 2284 Nunc
1430 2235 1498 2284 ita
1545 2244 1649 2285 est:
1700 2238 1892 2293 DEQUE

147 2339 264 2374 EIUS
307 2338 492 2374 CAPITE
533 2338 820 2391 QUAERI‘ro,
865 2339 958 2380 QUI
1008 2338 1393 2373 MAGISTRATUM
1443 2339 1718 2373 HABUERIT
1767 2308 1894 2373 mvi:

147 2427 353 2462 SENATU
400 2427 742 2462 SENTENTIAM
791 2427 1046 2461 DIXERIT:
1084 2427 1178 2471 QUI
1228 2427 1415 2461 EORUM
1475 2427 1611 2473 con,
1660 2427 1889 2462 coIERIT.
1919 2427 1976 2475 25

149 2513 258 2567 149.
299 2503 436 2551 Num
468 2500 509 2550 is
545 2510 619 2550 est
656 2484 958 2551 Cluentius?
1016 2503 1164 2552 Certe
1203 2516 1307 2549 non
1346 2510 1432 2549 est.
1507 2500 1632 2562 Quis
1675 2517 1793 2563 ergo
1819 2512 1893 2550 est

148 2589 450 2640 Cluentius?
486 2590 571 2652 qui
610 2599 779 2665 tamen
833 2589 1037 2639 defendi
1086 2606 1287 2638 causam
1348 2605 1484 2637 suam
1547 2590 1656 2652 lege
1715 2590 1888 2639 noluit.

151 2681 329 2742 Itaque
354 2677 518 2732 abicio
543 2680 705 2742 legem
726 2698 735 2728 :
773 2695 963 2728 morem
983 2679 1220 2730 Cluentio
1245 2693 1363 2740 gero
1385 2697 1395 2726 :
1433 2677 1523 2726 tibi
1542 2686 1726 2739 tamen,
1749 2679 1890 2739 Acci,

148 2783 323 2831 pauca,
351 2783 477 2830 quae
502 2767 566 2815 ab
604 2766 752 2816 huius
790 2783 940 2817 causa
977 2766 1201 2816 seiuncta
1237 2774 1365 2825 sunt,
1394 2767 1725 2829 respondebo.
1803 2770 1894 2816 Est

151 2855 283 2905 enim
309 2855 549 2918 quiddam
574 2855 627 2904 in
650 2857 744 2906 hac
773 2873 924 2906 causa
949 2857 1086 2920 quod
1124 2854 1384 2906 Cluentius
1409 2856 1474 2904 ad
1499 2872 1566 2915 se,
1594 2864 1668 2905 est
1703 2855 1893 2919 aliquid
1916 2873 1979 2918 30

150 2945 286 3008 quod
311 2961 404 3007 ego
428 2946 494 2993 ad
519 2961 599 2994 me
623 2954 795 3009 putem
821 2945 1082 3010 pertinere.
1158 2943 1263 2992 Hic
1287 2960 1376 2993 sua
1399 2952 1542 3008 putat
1578 2943 1814 2993 interesse
1839 2961 1893 2993 se

151 3050 202 3084 re
226 3034 336 3097 ipsa
360 3042 410 3083 et
445 3042 586 3096 gesto
625 3034 843 3097 negotio,
871 3051 974 3084 non
1013 3036 1121 3097 1686
1164 3032 1398 3082 defendi:
1435 3049 1530 3096 ego
1571 3041 1738 3082 autem
1780 3049 1893 3082 mea

152 3122 378 3172 existimo
420 3122 657 3172 interesse
695 3140 777 3172 me
817 3126 952 3172 nulla
990 3123 1041 3171 in
1084 3122 1423 3184 disputatione
1449 3123 1511 3171 ab
1553 3122 1710 3170 Accio
1736 3122 1889 3171 videri
