2106 3386
151 146 294 186 Lxx.
330 131 454 203 198]
584 133 739 187 PRo
784 132 851 184 A.
891 132 1308 187 CLUENTIO
1352 134 1675 188 ORATIO.
1829 149 1893 203 75

149 294 288 342 pace,
323 294 427 326 non
463 277 754 327 domesticis
792 276 950 340 copiis
983 293 1093 327 esse
1129 287 1302 326 tutum.
1380 280 1522 350 Quos
1559 288 1727 346 tamen
1763 279 1897 346 ipsos

150 383 308 430 aeque
366 375 416 416 et
475 382 574 428 εοε,
626 382 752 430 quos
810 374 1096 429 praesentes
1144 365 1341 427 videtiS,
1394 367 1539 422 huius
1589 368 1897 431 exspectatio

149 454 319 505 iudicii
377 453 484 504 dies
543 464 819 518 noctesque
877 453 1128 503 sollicitat.
1227 454 1338 520 196.
1392 458 1511 515 Non
1570 455 1642 504 illi
1696 437 1786 506 vos
1833 458 1897 507 de

149 546 296 594 unius
343 543 609 607 municipis
656 544 864 593 fortunis
912 543 1224 610 arbitrantur,
1276 544 1367 593 sed
1416 545 1481 594 de
1532 545 1686 594 totius
1739 546 1898 595 muni-

148 633 267 698 cipii
309 642 452 694 statu,
494 633 738 705 dignitate
773 631 1159 695 commodisque
1196 633 1433 682 omnibus
1473 633 1747 683 sententias
1787 651 1897 684 esse

148 725 347 772 laturos.
462 724 666 788 Summa
735 729 812 784 est
881 720 1032 781 enim,
1109 721 1315 782 iudices,
1373 722 1594 771 hominis
1652 724 1703 788 in
1763 739 1897 772 com-

149 827 352 860 munem
412 809 672 873 municipii
726 826 831 866 rem
896 809 1168 873 diligentia,
1218 809 1271 858 in
1332 810 1553 875 singulos
1615 811 1895 876 municipes

147 899 443 963 benignitas,
482 898 534 946 in
581 914 757 947 omnes
806 898 1038 947 homines
1067 874 1261 947 iustitia
1298 908 1346 948 et
1383 901 1524 949 fides.
1634 902 1897 963 Praeterea

146 988 463 1057 nobilitatem
499 987 636 1052 illam
671 986 800 1035 inter
824 1003 939 1036 suos
975 988 1247 1050 locumque
1283 1005 1313 1036 a
1347 988 1620 1038 maioribus
1655 989 1893 1039 traditum

147 1078 218 1127 sic
235 1086 415 1142 tuetur,
427 1085 481 1125 ut
499 1076 742 1125 maiorum
761 1076 1067 1141 gravit-atem,
1079 1077 1427 1138 constantiam,
1444 1078 1668 1141 gratiam,
1686 1078 1896 1128 liberali-

145 1177 298 1217 tatem
318 1168 634 1229 adsequatur.
743 1168 924 1229 Itaque
950 1166 1021 1215 eis
1046 1183 1163 1216 eum
1189 1167 1351 1216 verbis
1376 1167 1577 1230 publice
1597 1167 1818 1227 laudant,
1840 1178 1894 1217 ut

147 1273 250 1306 non
274 1257 439 1305 solum
463 1253 809 1304 testimonium
846 1272 991 1304 suurn
1028 1255 1371 1319 iudiciumque
1398 1255 1693 1319 significent,
1721 1273 1893 1306 verum

148 1344 298 1395 etiam
323 1359 494 1393 curam
518 1342 673 1392 animi
701 1360 760 1391 ac
780 1343 1018 1417 dolqrem.
1085 1346 1231 1407 Quae
1257 1345 1377 1393 dum
1396 1344 1618 1393 laudatio
1642 1346 1890 1407 recitatur,

145 1451 235 1483 vos
272 1449 474 1497 quaeso,
516 1432 602 1495 qui
639 1448 751 1481 eam
788 1432 1049 1493 detulistis,
1078 1433 1344 1496 adsurgite.
1420 1440 1535 1498 197.
1576 1435 1651 1481 Ex
1675 1434 1892 1482 lacrimis

146 1524 334 1583 horum,
362 1521 568 1580 iudices,
597 1521 880 1570 existimare
904 1522 1129 1585 potestis,
1149 1538 1325 1571 omnes
1344 1522 1468 1571 haec
1490 1521 1785 1571 decuriones
1811 1523 1893 1572 de-

145 1609 356 1661 crevisse
381 1608 711 1658 lacrimantes.
787 1612 895 1673 Age
921 1626 1055 1672 vero,
1072 1610 1352 1659 vicinorum
1379 1620 1626 1673 quantum
1651 1611 1888 1671 studium,

145 1715 296 1763 quam
320 1697 626 1747 incredibilis
651 1698 1017 1758 benevolentia,
1045 1708 1233 1762 quanta
1258 1715 1379 1748 cura
1404 1708 1478 1748 est
1499 1703 1508 1748 Ξ
1596 1701 1717 1749 Non
1742 1699 1812 1747 illi
1838 1699 1889 1748 in

143 1787 322 1838 libellis
346 1787 687 1836 laudationem
713 1786 965 1836 decretam
990 1788 1250 1848 miserunt,
1280 1788 1369 1837 sed
1394 1787 1624 1837 homines
1650 1787 1892 1837 honestis-

145 1877 312 1938 simOS,
341 1891 466 1939 quos
502 1892 764 1925 nossemus
791 1892 982 1936 omneS,
1023 1877 1122 1925 huc
1159 1878 1443 1940 frequentes
1479 1877 1655 1927 adesse
1681 1886 1730 1925 et
1754 1877 1889 1925 hunc

143 1974 430 2030 praesentes
477 1965 682 2013 laudare
717 1966 992 2014 voluerunt.
1091 1965 1293 2014 Adsunt
1337 1965 1618 2024 Ferentani,
1658 1964 1890 2014 homines

143 2052 454 2114 nobilissimi,
505 2051 779 2101 Marrucini
826 2052 947 2102 item
1004 2052 1112 2116 pari
1159 2053 1435 2116 dignitate:
1497 2055 1674 2103 Teano
1721 2055 1889 2116 Apulo

143 2153 294 2207 atque
331 2142 540 2191 Luceria
575 2141 769 2205 equites
807 2144 1084 2202 Romanos,
1107 2143 1336 2192 homines
1372 2141 1766 2201 honestissimos,
1789 2143 1889 2190 lau-

143 2233 344 2283 datores
368 2231 549 2281 videtis
570 2251 580 2280 :
619 2231 845 2280 Boviano
870 2240 1080 2295 totoque
1105 2248 1165 2280 ex
1190 2233 1395 2281 Samnio
1420 2248 1536 2279 cum
1573 2231 1888 2280 laudationes

142 2323 520 2373 honestissimae
540 2321 722 2371 missae
746 2331 860 2370 sunt
879 2330 986 2370 turn
1006 2321 1236 2370 homines
1261 2320 1555 2385 amplissimi
1575 2319 1888 2369 nobilissimi-

142 2427 240 2475 que
265 2418 517 2459 venerunt.
596 2407 706 2473 198.
748 2410 859 2457 Iam
884 2409 970 2472 qui
990 2409 1040 2458 in
1065 2425 1183 2472 agro
1210 2408 1430 2457 Larinati
1455 2407 1672 2471 praedia,
1694 2407 1781 2470 qui
1805 2423 1887 2456 ne—

141 2499 290 2563 gotia,
318 2498 402 2560 qui
444 2514 521 2547 res
560 2497 819 2560 pecuarias
859 2498 1061 2557 habent,
1101 2496 1300 2546 honesti
1338 2497 1566 2546 homines
1601 2506 1649 2545 et
1685 2512 1885 2545 summo

142 2587 408 2651 splendore
433 2585 660 2649 praediti,
681 2585 881 2635 difficile
907 2585 1045 2634 dictu
1071 2595 1146 2635 est
1181 2601 1333 2649 quam
1359 2584 1456 2633 sint
1492 2584 1704 2645 solliciti,
1733 2601 1884 2647 quam

57 2718 66 2727 .
139 2676 380 2724 laborent.
432 2676 552 2723 Non
577 2674 719 2723 multi
744 2674 867 2722 mihi
892 2676 955 2724 ab
979 2692 1081 2724 uno
1107 2674 1179 2723 sic
1204 2673 1341 2738 diligi
1367 2674 1609 2734 videntur,
1636 2682 1690 2722 ut
1714 2672 1796 2721 hic
1820 2673 1884 2720 ab

140 2761 217 2811 his
243 2761 500 2811 universis.

1925 1099 1983 1130 10

1916 1989 1977 2019 20

210 2853 362 2899 LXX.
404 2853 574 2913 Quam
598 2851 749 2900 doleo
775 2852 953 2900 abesse
977 2852 1041 2900 ab
1067 2850 1211 2899 huius
1236 2849 1422 2899 iudicio
1450 2852 1502 2898 L.
1532 2848 1880 2910 Volusienum,
1908 2864 1972 2910 30

141 2955 338 2988 summo
381 2939 648 3002 splendore
686 2939 946 2988 hominem
984 2955 1044 2988 ac
1080 2939 1260 2988 virtute
1299 2937 1595 3001 praeditum.
1683 2937 1881 2986 Vellem

139 3037 454 3091 praesentem
478 3042 680 3090 possem
705 3028 758 3075 P.
789 3027 1085 3076 Helvidium
1111 3028 1314 3086 Rufum,
1344 3026 1564 3089 equitem
1590 3029 1882 3075 Romanum

140 3117 362 3164 omnium
384 3114 770 3176 ornatissimum,
798 3115 1089 3164 nominare!
1127 3115 1213 3177 qui
1250 3131 1365 3164 eum
1401 3115 1548 3163 huius
1585 3130 1737 3164 causa
1773 3113 1881 3162 dies
