2106 3386
152 117 475 185 XL111.120]
556 116 708 177 PRO
752 115 819 167 A.
863 113 1279 168 CLUENTIO
1324 113 1648 165 oRArio.
1823 126 1889 179 45

153 276 182 308 a
223 274 303 307 me
345 273 437 321 pro
468 258 647 306 eximia
687 273 774 305 sua
814 257 993 304 virtute
1023 253 1334 317 summisque
1377 254 1669 313 honoribuS,
1697 269 1823 315 quos
1868 269 1896 301 a

152 347 342 411 populo
378 348 612 395 Romano
648 345 861 407 adeptus
883 351 969 404 est,
997 343 1203 390 honoris
1240 358 1389 390 causa
1425 342 1724 402 nominatur,
1752 341 1896 390 facile

152 438 264 499 hoc,
308 435 515 496 iudices,
551 434 848 498 impetrabo,
896 441 964 492 ut,
1010 448 1161 495 quam
1205 433 1312 494 ipse
1353 431 1593 480 adhibere
1636 430 1898 479 consuevit

152 526 203 572 in
245 525 519 573 amicorum
561 521 793 586 periculis
832 537 947 569 cum
990 520 1142 569 fidem
1193 528 1242 568 et
1291 520 1599 584 diligentiam
1647 527 1754 568 tum
1796 520 1897 567 vim

151 613 304 663 animi
329 615 710 676 libertatemque
748 610 960 671 dicendi,
989 625 1051 659 ex
1074 609 1167 658 hac
1194 609 1315 657 mihi
1340 608 1588 658 concedat
1612 616 1666 656 ut
1702 617 1897 658 tantum
1933 651 1937 656 .
1957 626 1982 675 5

153 704 272 751 mihi
300 718 507 762 sumam,
537 709 778 764 quantum
804 701 909 748 sine
934 698 1080 747 huius
1105 697 1328 762 periculo
1355 697 1623 762 praeterire
1659 713 1762 747 non
1787 714 1899 761 pos-

154 791 261 839 sim.
334 791 382 837 A
401 806 481 837 me
507 797 690 850 tamen,
718 796 771 836 ut
796 803 1013 850 aequum
1039 795 1127 847 est,
1155 788 1326 836 omnia
1349 795 1495 835 caute
1520 787 1899 850 pedetemptim—

153 896 252 944 que
277 880 520 939 dicentur,
549 887 603 927 ut
627 894 792 941 neque
830 877 956 926 fides
992 877 1140 925 huius
1179 877 1485 925 defensionis
1527 876 1700 925 relicta
1734 892 1898 939 neque

154 970 447 1031 cuiusquam
474 976 559 1016 aut
579 967 794 1030 dignitas
819 967 956 1015 laesa
979 974 1065 1015 aut
1091 967 1308 1014 amicitia
1327 966 1510 1015 violata
1535 982 1642 1014 esse
1659 965 1896 1015 videatur.

226 1068 335 1123 119.
375 1057 542 1123 Video
602 1057 760 1119 igitur,
823 1054 1029 1116 iudices,
1091 1056 1502 1104 animadvertisse
1561 1070 1792 1104 censores
1850 1056 1899 1102 in
1930 1074 1988 1105 10

155 1147 345 1196 iudices
394 1145 642 1209 quosdam
686 1144 817 1193 illius
860 1145 1057 1193 consilii
1101 1144 1316 1204 Iuniani,
1370 1161 1486 1192 cum
1536 1146 1681 1193 istam
1741 1146 1900 1207 ipsam

156 1253 356 1286 causam
401 1217 781 1309 subscriberent.
859 1236 962 1282 Hic
998 1234 1122 1283 illud
1159 1233 1376 1298 primum
1413 1250 1682 1284 commune
1722 1250 1902 1298 propo-

157 1343 287 1386 nam,
315 1307 591 1388 numquam
634 1323 1156 1373 animadversionibus
1195 1323 1434 1373 censoriis
1478 1325 1610 1372 hanc
1650 1323 1900 1372 civitatem

156 1415 224 1483 ita
259 1416 550 1464 contentam
588 1422 643 1462 ut
667 1414 816 1462 rebus
852 1412 1085 1462 iudicatis
1123 1412 1289 1462 fuisse.
1388 1415 1570 1476 Neque
1607 1412 1657 1461 in
1695 1429 1747 1462 re
1782 1421 1903 1477 nota

23 1532 129 1582 ng,
156 1520 448 1555 consumam
468 1511 681 1567 tempus.
756 1503 987 1566 Exempli
1029 1519 1181 1552 causa
1218 1519 1406 1566 ponam
1448 1519 1604 1551 unum
1647 1502 1803 1551 illud:
1841 1503 1896 1552 C.
1932 1518 1986 1567 15

39 1596 91 1645 τ’
106 1587 141 1629 s
159 1595 355 1653 Getam,
383 1609 497 1641 cum
522 1609 551 1642 a
577 1595 629 1641 L.
662 1594 871 1642 Metello
909 1601 958 1641 et
997 1594 1091 1643 Cn.
1121 1591 1353 1642 Domitio
1378 1591 1672 1641 censoribus
1700 1609 1760 1641 ex
1797 1608 1902 1640 sen-

54 1714 64 1741 ,
85 1681 241 1733 v‘ratu
266 1683 452 1733 eiectus
478 1691 622 1742 esset,
642 1698 902 1732 censorem
930 1698 1037 1731 esse
1063 1682 1226 1745 ipsum
1251 1690 1428 1746 postea
1446 1682 1632 1730 factum
1653 1701 1662 1730 :
1688 1690 1738 1730 et
1762 1681 1903 1730 cuius

158 1790 321 1824 mores
360 1782 498 1822 erant
540 1789 570 1820 a
605 1772 897 1822 censoribus
931 1772 1234 1835 reprehensi,
1262 1773 1396 1821 hunc
1433 1780 1610 1835 postea
1645 1780 1694 1820 et
1730 1770 1905 1835 populi

161 1865 379 1913 Romani
428 1872 477 1911 et
514 1878 701 1923 eorum,
735 1863 840 1925 ,qui
889 1861 940 1910 in
976 1861 1137 1925 ipsum
1174 1846 1641 1922 animadverterant,
1682 1860 1903 1911 moribus

159 1951 445 2017 praefuisse.
538 1951 695 2013 Quod
721 1952 760 1999 si
785 1950 910 1999 illud
935 1949 1176 1999 iudicium
1201 1958 1473 2013 putaretur,
1503 1958 1557 1999 ut
1577 1949 1730 1999 ceteri
1756 1950 1905 2014 turpi·
1933 1966 1993 1998 20

162 2040 348 2108 iudicio
374 2039 601 2090 damnati
626 2040 678 2088 in
703 2048 1001 2103 perpetuum
1038 2039 1178 2089 omni
1214 2041 1407 2089 honore
1444 2057 1502 2089 ac
1540 2039 1780 2104 dignitate
1814 2042 1908 2104 pri-

163 2139 354 2191 vantur,
381 2132 452 2180 sic
488 2130 777 2179 hominibus
813 2130 1089 2194 ignominia
1124 2130 1308 2180 notatis
1347 2146 1511 2192 neque
1553 2130 1619 2179 ad
1661 2130 1905 2180 honorem

163 2220 327 2270 aditus
351 2235 518 2283 neque
541 2218 593 2267 in
618 2221 806 2268 curiam
830 2219 1018 2269 reditus
1044 2228 1186 2278 esset.
1265 2230 1375 2271 120.
1399 2221 1553 2268 Nunc
1573 2218 1613 2268 si
1634 2236 1784 2282 quem
1812 2221 1903 2271 Cn.

167 2308 368 2360 Lentuli
403 2317 488 2357 aut
535 2310 593 2357 L.
633 2309 765 2358 Gelli
798 2308 1005 2358 libertus
1041 2308 1156 2358 furti
1193 2309 1554 2369 condemnarit,
1595 2309 1636 2357 is
1674 2308 1908 2358 omnibus

166 2400 471 2449 ornamentis
507 2397 702 2447 amissis
738 2415 1015 2462 numquam
1052 2399 1207 2447 ullam
1243 2397 1520 2463 honestatis
1557 2414 1677 2447 suae
1714 2408 1904 2462 partem
1933 2411 1991 2460 25

167 2486 462 2551 reciperabit
485 2507 495 2537 :
533 2503 659 2551 quos
694 2496 861 2537 autem
883 2487 994 2551 ipse
1020 2489 1075 2535 L.
1104 2485 1296 2536 Gellius
1322 2494 1371 2535 et
1398 2486 1493 2534 Cn.
1523 2488 1778 2549 LentuluS,
1806 2487 1908 2537 duo

167 2591 415 2636 censoreS,
457 2575 718 2626 clarissimi
759 2576 850 2625 viri
889 2575 1344 2639 sapientissimique
1391 2574 1639 2637 homineS,
1686 2576 1802 2626 furti
1860 2586 1910 2626 et

169 2674 428 2729 captarum
475 2665 801 2729 pecuniarum
838 2664 1044 2714 nomine
1082 2673 1395 2724 notaverunt,
1435 2664 1481 2727 ei
1516 2681 1619 2714 non
1667 2666 1823 2716 modo
1858 2665 1908 2714 in

170 2763 398 2804 senatum
422 2753 689 2822 redierunt,
717 2756 809 2805 sed
843 2754 996 2805 etiam
1031 2755 1225 2803 illarum
1262 2732 1477 2816 ipsarum
1516 2771 1678 2804 rerum
1715 2755 1911 2804 iudiciis

170 2841 386 2892 absoluti
412 2850 539 2891 sunt.
953 2854 960 2863 ·
1936 2860 1997 2905 30

149 2925 150 2928 '
239 2933 440 2981 XLIII.
480 2931 750 2982 Neminem
774 2934 1037 2982 voluerunt
1073 2931 1288 2981 maiores
1323 2932 1480 2981 nostri
1515 2949 1618 2982 non
1655 2934 1810 2983 modo
1848 2935 1911 2983 de

174 3019 540 3085 existimatione
588 3008 897 3085 cuiusquam,
937 3023 1027 3071 sed
1076 3037 1139 3070 ne
1187 3021 1474 3084 pecuniaria
1510 3022 1712 3086 quidem
1761 3024 1825 3072 de
1862 3039 1913 3072 re

175 3109 385 3158 minima
408 3125 521 3159 esse
557 3109 789 3174 iudicem,
817 3110 914 3159 nisi
950 3110 1035 3174 qui
1071 3110 1199 3160 inter
1235 3110 1543 3161 adversarios
1579 3113 1909 3162 convenisset.
