2106 3386
142 159 217 199 ιν.
244 145 302 212 9]
456 143 611 197 PRo
651 143 720 194 A.
764 141 1183 209 CLUENTJ‘O
1225 141 1552 194 ORATIO.
1850 157 1878 207 3

143 287 231 335 sed
255 286 320 335 ad
346 294 624 335 extremum
661 284 959 347 exspectetis
996 298 1178 345 meque
1217 298 1386 331 meum
1424 281 1629 330 dicendi
1655 282 1883 330 ordinem

143 391 335 425 servare
370 373 657 438 patiamini:
705 389 822 421 cum
858 387 1102 436 peroraro,
1142 381 1263 432 tum,
1304 372 1343 419 si
1381 370 1504 434 quid
1530 373 1621 420 erit
1657 371 1884 434 praeteri-

141 473 264 525 tum,
293 461 501 530 [animo]
528 461 799 525 requiratis.
1055 491 1098 572 Γ

212 555 312 602 ΙΙΙ.
350 560 399 617 7.
439 555 549 616 Ego
585 569 680 612 me,
719 550 922 611 iudices,
961 550 1025 598 ad
1064 566 1173 599 eam
1210 566 1414 598 causam
1450 549 1704 609 accedere,
1756 566 1884 612 quae

143 641 243 690 iam
284 658 373 706 per
418 658 577 690 annos
619 649 736 690 octo
773 640 1040 689 continuos
1084 655 1147 687 ex
1186 638 1433 687 contraria
1481 648 1618 701 parte
1658 639 1886 688 audiatur
1945 653 1970 702 5

143 740 293 794 atque
330 730 438 794 ipsa
473 731 710 794 opinione
747 728 1012 778 hominum
1055 728 1207 777 tacita
1253 745 1413 791 prope
1455 728 1687 776 convicta
1734 737 1885 792 atque

144 822 380 870 damnata
415 822 490 882 sit,
530 821 673 870 facile
709 820 974 883 intellego:
1025 820 1114 868 sed
1151 818 1191 868 si
1229 820 1315 882 qui
1351 818 1472 866 mihi
1509 819 1634 867 deus
1671 827 1886 868 vestram

144 910 207 959 ad
233 927 314 959 me
338 910 648 959 audiendum
672 908 1073 959 benevolentiam
1100 910 1390 968 conciliarit,
1419 909 1626 957 efficiam
1644 911 1885 971 profecto,

145 1008 199 1047 ut
247 999 543 1062 intellegatis
590 997 714 1045 nihil
752 1013 861 1046 esse
909 998 1102 1045 homini
1151 1006 1254 1044 tam
1303 997 1585 1045 timendum
1628 1013 1778 1060 quam
1819 999 1887 1044 in-

144 1087 343 1146 vidiam,
372 1086 494 1134 nihil
531 1087 787 1135 innocenti
814 1095 1042 1148 suscepta
1068 1086 1254 1134 invidia
1293 1094 1395 1134 tam
1432 1085 1709 1148 optandum
1735 1103 1886 1149 quam
1916 1102 1974 1132 10

144 1193 360 1239 aequum
397 1177 649 1236 iudicium,
678 1177 817 1238 quod
853 1177 903 1223 in
940 1176 1036 1223 hoc
1073 1191 1174 1224 uno
1211 1177 1431 1238 denique
1468 1177 1618 1224 falsae
1655 1175 1888 1225 infamiae

144 1267 255 1315 finis
292 1268 445 1329 aliqui
481 1275 632 1329 atque
668 1267 825 1314 exitus
869 1266 1149 1328 reperiatur.
1243 1266 1410 1327 Quam
1453 1266 1521 1314 ob
1561 1282 1666 1314 rem
1706 1282 1888 1329 magna

146 1372 228 1404 me
254 1371 367 1418 spes
391 1365 542 1415 tenet,
572 1357 611 1402 si
636 1371 767 1417 quae
803 1363 918 1403 sunt
954 1356 1005 1402 in
1043 1370 1208 1414 causa,
1248 1355 1494 1416 explicare
1530 1364 1682 1417 atque
1718 1354 1889 1403 omnia

147 1444 366 1493 dicendo
440 1443 685 1506 consequi
756 1453 981 1507 potuero,
1054 1444 1190 1491 hunc
1259 1444 1425 1492 locum
1497 1460 1889 1507 consessumque

145 1542 376 1592 vestrum,
416 1550 565 1596 quem
602 1533 672 1581 illi
708 1532 995 1582 horribilem
1032 1535 1092 1580 A.
1134 1533 1370 1582 Cluentio
1407 1549 1466 1580 ac
1502 1533 1887 1582 formidolosum
1918 1545 1972 1594 15

148 1624 251 1671 fore
276 1632 587 1686 putaverunt,
615 1618 730 1673 eu'm
766 1623 973 1671 tandem
1011 1623 1116 1670 eius
1152 1622 1383 1670 fortunae
1420 1622 1628 1671 miserae
1654 1623 1892 1671 multum-

147 1729 244 1776 que
291 1713 503 1763 iactatae
544 1722 744 1777 portum
792 1730 850 1761 ac
897 1713 1177 1775 perfugium
1226 1713 1459 1760 futurum.
1555 1712 1604 1764 8.
1660 1712 1888 1761 Tametsi

147 1803 390 1865 permulta
432 1812 561 1864 sunt,
604 1819 732 1865 quae
780 1803 916 1862 mihi,
967 1810 1083 1850 ante
1132 1817 1283 1863 quam
1334 1801 1396 1850 de
1446 1818 1596 1850 causa
1643 1803 1773 1863 dico,
1825 1802 1888 1850 de

147 1892 499 1940 communibus
524 1891 741 1940 invidiae
765 1891 996 1953 periculis
1022 1890 1240 1939 dicenda
1265 1907 1374 1939 esse
1399 1891 1677 1950 videantur,
1704 1900 1885 1951 tamen,

148 1997 212 2029 ne
237 1967 421 2029 diutius
446 1982 669 2029 oratione
706 1997 820 2029 mea
857 1996 1097 2042 suspensa
1133 1982 1437 2043 exspectatio
1464 1990 1623 2029 vestra
1647 1990 1886 2040 teneatur,
1918 1994 1978 2025 20

149 2069 406 2132 adgrediar
429 2070 495 2118 ad
519 2070 706 2118 crimen
742 2085 858 2117 cum
895 2070 977 2116 illa
1013 2069 1382 2131 deprecatione,
1412 2068 1615 2129 iudices,
1645 2086 1745 2132 qua
1769 2070 1889 2117 mihi

149 2159 346 2222 saepius
388 2159 785 2223 utendumyesse
833 2158 1084 2220 intellego,
1136 2159 1206 2205 sic
1255 2167 1308 2205 ut
1356 2165 1438 2206 m'e
1476 2159 1702 2218 audiatis,
1750 2159 1889 2222 quasi

149 2249 246 2296 hoc
281 2257 506 2312 tempore
543 2249 668 2297 haec
703 2264 852 2296 causa
887 2248 1102 2309 primum
1140 2246 1348 2306 dicatur,
1376 2248 1518 2295 sicuti
1556 2248 1747 2308 dicitur,
1788 2265 1889 2296 non

151 2338 291 2399 quasi
328 2352 476 2400 saepe
510 2335 609 2384 iam
651 2337 785 2385 dicta
823 2345 872 2384 et
905 2352 1181 2398 numquam
1223 2337 1432 2398 probata
1471 2335 1546 2384 sit.
1624 2337 1891 2385 Hodierno

151 2427 284 2474 enim
323 2427 405 2475 die
451 2427 666 2488 primum
706 2422 925 2491 [veteris]
964 2425 1117 2488 ipsius
1154 2423 1371 2472 criminis
1408 2424 1631 2474 diluendi
1669 2434 1890 2488 potestas
1919 2437 1978 2486 25

152 2524 226 2564 est
262 2516 395 2571 data,
432 2524 546 2564 ante
582 2516 681 2563 hoc
716 2523 913 2578 tempus
951 2530 1084 2563 error
1120 2515 1170 2562 in
1208 2514 1301 2561 hac
1337 2530 1487 2561 causa
1522 2523 1671 2576 atque
1707 2514 1892 2564 invidia
1923 2544 1929 2551 -

152 2612 341 2653 versata
399 2613 486 2653 est.
597 2605 763 2666 Quam
823 2604 890 2652 ob
960 2620 1063 2653 rem
1135 2603 1256 2651 dum
1316 2603 1583 2651 multorum
1644 2597 1890 2653 annorum

85 2679 88 2684 ⁵
154 2693 454 2740 accusationi
501 2693 714 2741 breviter
750 2690 1069 2754 dilucideque
1103 2692 1399 2753 respondeo,
1440 2707 1640 2753 quaeso,
1692 2702 1745 2741 ut
1794 2710 1887 2752 me,

153 2781 355 2843 iudices,
385 2783 510 2831 sicut
535 2784 698 2830 facere
724 2780 1015 2841 instituistis,
1045 2782 1261 2843 benigne
1286 2790 1574 2844 attenteque
1600 2784 1825 2832 audiatis.

224 2874 312 2920 IV.
350 2883 401 2937 9.
439 2874 731 2935 Corrupisse
774 2873 951 2921 dicitur
995 2874 1053 2919 A.
1095 2872 1356 2920 Cluentius
1393 2872 1632 2920 iudicium
1663 2875 1887 2935 pecunia,
1917 2885 1980 2931 30

155 2977 256 3023 quo
303 2960 559 3010 inimicum
614 2963 934 3010 innocentem
991 2962 1203 3009 Statium
1263 2961 1469 3008 Albium
1518 2963 1888 3010 condemnaret.

157 3049 450 3108 Ostendam,
485 3048 691 3109 iudices,
730 3050 981 3113 primum,
1002 3050 1240 3111 quoniam
1280 3058 1429 3112 caput
1464 3050 1591 3098 illius
1621 3052 1891 3098 atrocitatis

156 3145 306 3200 atque
375 3140 587 3187 invidiae
651 3139 757 3197 fuit,
831 3141 1150 3188 innocentem
1209 3141 1423 3202 pecunia
1482 3141 1889 3200 circumventum,
