2106 3386
146 109 332 149 XLVII.
373 98 493 165 130]
539 97 692 150 PRO
734 97 802 148 A.
846 95 1262 148 CLUENTIO
1305 96 1630 148 ORATIO.
1815 110 1886 161 49

144 239 190 286 ei
216 238 388 285 mortis
424 245 474 285 et
511 237 739 299 supplicii
777 244 937 285 metus
973 244 1050 284 est
1084 251 1114 284 a
1150 236 1420 283 maioribus
1457 237 1785 284 constitutus:
1822 251 1886 283 ne

145 335 311 375 autem
360 310 568 374 nimium
617 327 756 374 multi
807 341 1025 388 poenam
1062 325 1239 387 capitis
1277 325 1515 384 subirent,
1567 324 1758 372 idcirco
1805 324 1889 370 illa

145 416 337 464 sortitio
374 423 663 478 comparata
698 423 785 463 est.
863 425 971 479 129.
1014 415 1134 461 Hoc
1170 422 1224 461 tu
1261 414 1398 462 idem
1435 414 1587 462 facies
1624 428 1803 461 censor
1839 413 1889 459 in

147 511 321 552 senatu
358 504 611 566 legendo?
681 505 731 552 Si
765 512 908 552 erunt
955 503 1136 565 plures,
1190 503 1275 564 qui
1313 503 1380 551 ob
1418 503 1739 551 innocentem
1776 517 1891 550 con-

147 593 491 641 demnandum
527 594 793 656 pecuniam
830 592 1130 654 acceperint,
1171 600 1223 639 tu
1273 607 1375 639 non
1424 592 1791 640 animadvertes
1840 591 1887 637 in
1952 611 1975 657 5

147 697 338 741 omneS‚
367 682 456 730 sed
482 697 668 744 carpes,
697 690 750 729 ut
775 682 913 740 velis,
937 689 985 728 et
1005 695 1194 742 paucos
1215 696 1273 727 ex
1293 680 1461 728 multis
1481 680 1545 728 ad
1565 680 1890 743 ignominiam

148 770 392 843 sorgiere?
430 771 656 830 Habebit
682 771 826 832 igitur
851 778 900 818 te
926 770 1116 840 sciente
1143 777 1191 817 et
1212 769 1415 817 vidente
1436 770 1572 827 curia
1591 776 1888 835 senatorem,

147 859 362 922 populus
397 861 661 907 Romanus
686 859 920 917 iudicem,
958 874 1036 906 res
1061 859 1263 920 publica
1298 857 1462 909 civem
1487 860 1596 906 sine
1621 859 1893 922 ignominia

149 964 467 1011 quemquam,
507 950 591 1011 qui
629 949 694 997 ad
730 949 1007 1011 perniciem
1044 948 1326 1014 innocentis
1362 948 1517 997 fidem
1543 964 1683 997 suam
1709 958 1758 997 et
1783 948 1894 996 reli-

147 1035 348 1100 gionem
373 1039 588 1101 pecunia
612 1039 966 1086 commutarit?
1003 1046 1067 1096 et,
1095 1039 1181 1101 qui
1208 1039 1369 1100 pretio
1389 1038 1637 1087 adductus
1660 1038 1895 1100 eripuerit
1925 1060 1983 1089 10

149 1128 376 1189 patriam,
397 1129 635 1189 fortunas,
657 1129 841 1176 liberos
867 1125 962 1175 civi
983 1127 1255 1188 innocenti,
1280 1129 1320 1176 is
1341 1130 1600 1177 censoriae
1621 1129 1895 1178 severitatis

150 1224 269 1264 nota
304 1233 408 1265 non
445 1219 701 1266 inuretur?
771 1219 851 1265 Tu
890 1233 941 1266 es
978 1219 1259 1279 praefectus
1297 1218 1534 1277 moribUS‚
1574 1227 1626 1266 tu
1664 1219 1896 1281 magister

149 1307 327 1354 veteris
374 1305 667 1369 disciplinae
704 1322 764 1354 ac
812 1306 1103 1366 severitatiS,
1142 1308 1181 1355 si
1227 1315 1312 1355 aut
1360 1309 1543 1356 retines
1591 1322 1896 1370 quemquam

152 1395 313 1444 sciens
350 1397 400 1444 in
438 1404 614 1444 senatu
652 1396 837 1444 scelere
874 1404 1015 1444 tanto
1051 1397 1448 1445 contaminatum
1485 1406 1570 1445 aut
1595 1398 1782 1456 statuis,
1811 1395 1895 1459 qui

152 1484 203 1532 in
229 1485 407 1534 eadem
433 1487 582 1548 culpa
607 1487 680 1545 sit,
709 1501 812 1534 non
839 1486 1017 1534 eadem
1043 1502 1209 1548 poena
1233 1486 1382 1535 adfici
1419 1487 1727 1535 convenire?
1795 1487 1898 1533 Aut
1929 1502 1983 1550 15

154 1589 304 1636 quam
329 1576 682 1624 condicionem
708 1576 938 1638 supplicii
965 1577 1176 1624 maiores
1215 1577 1266 1623 in
1293 1576 1427 1624 bello
1454 1575 1706 1624 timiditati
1731 1576 1899 1623 militis

153 1666 462 1727 propositam
498 1681 606 1714 esse
643 1666 920 1722 voluerunt,
949 1666 1165 1714 eandem
1199 1674 1251 1713 tu
1277 1667 1327 1713 in
1364 1682 1488 1728 pace
1513 1666 1788 1714 constitues
1813 1666 1900 1712 im-

153 1752 388 1814 probitati
407 1755 687 1803 senatoris?
758 1754 912 1815 Quod
938 1755 977 1802 si
1014 1755 1112 1802 hoc
1138 1755 1424 1817 exemplum
1451 1771 1511 1803 ex
1537 1772 1588 1803 re
1614 1753 1810 1802 militari
1836 1753 1899 1802 ad

153 1843 638 1892 animadversionem
698 1845 977 1892 censoriam
1037 1844 1434 1892 transferendum
1489 1845 1594 1904 fuit,
1640 1843 1900 1910 sortitione

154 1932 206 1980 id
247 1933 409 1995 ipsum
428 1933 614 1981 factum
650 1949 759 1982 esse
780 1934 1012 1996 oportuit.
1087 1934 1174 1982 Sin
1193 1942 1360 1982 autem
1381 1934 1543 1982 sortiri
1580 1934 1646 1982 ad
1682 1949 1900 1996 poenam
1927 1951 1988 1981 20

154 2029 205 2069 et
241 2022 504 2070 hominum
541 2022 781 2071 delictum
817 2024 1044 2071 fortunae
1094 2024 1282 2071 iudicio
1329 2023 1644 2071 committere
1693 2024 1898 2071 minime

154 2109 436 2159 censorium
478 2119 567 2170 est,
612 2120 744 2160 certe
780 2110 832 2159 in
875 2112 1142 2160 multorum
1185 2120 1395 2174 peccato
1439 2111 1574 2173 carpi
1610 2119 1798 2173 paucos
1835 2112 1899 2159 ad

155 2198 481 2262 ignominiam
507 2217 612 2249 non
637 2209 849 2264 oportet.

224 2290 436 2337 XLVII.
483 2301 591 2354 130.
633 2292 820 2339 Verum
874 2306 1052 2339 omnes
1106 2291 1437 2353 intellegimus
1492 2292 1543 2338 in
1625 2291 1728 2338 istis
1788 2291 1899 2338 sub-

155 2378 507 2440 scriptionibus
544 2387 749 2427 ventum
787 2380 1042 2442 quendam
1090 2380 1388 2442 popularem
1436 2394 1548 2427 esse
1596 2379 1893 2441 quaesitum.
1928 2395 1985 2443 25

159 2467 350 2515 Iactata
379 2483 456 2516 res
481 2475 584 2516 erat
621 2469 671 2515 in
708 2470 978 2536 contione:
1018 2470 1271 2531 incognita
1307 2484 1458 2516 causa
1493 2469 1758 2530 probatum
1795 2478 1900 2517 erat

157 2554 279 2602 illud
327 2555 662 2604 multitudini:
698 2558 887 2605 nemini
934 2557 1126 2605 licitum
1175 2566 1249 2606 est
1301 2565 1476 2605 contra
1513 2557 1709 2606 dicere:
1747 2573 1898 2606 nemo

158 2642 388 2706 denique,
438 2652 492 2692 ut
539 2644 833 2694 defenderet
881 2648 1180 2694 contrariam
1228 2654 1435 2708 partem,
1487 2647 1759 2695 laborabat.
1837 2649 1897 2695 In

156 2729 396 2780 invidiam
421 2748 569 2794 porro
594 2749 827 2796 magnam
852 2735 936 2782 illa
962 2735 1144 2783 iudicia
1170 2744 1423 2783 venerant.
1499 2736 1702 2784 Etenim
1726 2737 1898 2799 paucis

156 2829 333 2882 postea
367 2822 622 2870 mensibus
658 2823 754 2871 alia
788 2824 1059 2873 vehemens
1096 2832 1199 2873 erat
1234 2825 1285 2871 in
1322 2823 1518 2873 iudiciis
1554 2841 1614 2874 ex
1638 2826 1898 2874 notatione
1925 2843 1988 2888 30

157 2908 453 2956 tabellarum
501 2908 689 2958 invidia
735 2920 940 2960 versata.
1017 2913 1349 2960 Praetermitti
1397 2913 1461 2960 ab
1509 2913 1801 2962 censoribus
1850 2921 1899 2961 et

158 2999 351 3061 neglegi
394 2999 589 3047 macula
625 3001 922 3049 iudiciorum
958 3018 1106 3064 posse
1142 3018 1244 3050 non
1281 3003 1556 3051 videbatur.
1633 3004 1896 3062 Homines,

161 3100 287 3147 quos
312 3088 487 3135 ceteris
513 3082 641 3136 vitiis
666 3098 815 3150 atque
850 3091 986 3137 omni
1014 3091 1263 3140 dedecore
1295 3092 1506 3140 infames
1531 3092 1784 3147 videbant,
1812 3107 1899 3139 eos

1006 3193 1040 3224 D
