2106 3386
1541 64 1576 87 Ν

275 157 340 221 38
495 154 649 207 PRO
691 154 762 206 A.
806 153 1222 207 CLUENTIO
1265 153 1591 206 ORATIO.
1674 153 1912 221 [XXXVI.
1939 168 2015 222 99

270 294 515 358 integrum
543 293 808 357 restitutos,
837 295 975 357 quod
1010 295 1214 357 planum
1257 295 1462 342 fecerint
1501 292 1612 342 illos
1649 294 1716 341 ob
1752 309 1855 342 rem
1892 293 2015 342 iudi-

270 382 484 432 candam
510 382 774 446 pecuniam
801 383 1070 446 accepisse,
1098 384 1189 432 sed
1214 383 1351 446 quod
1388 381 1638 431 iudicibus
1674 381 2010 445 probaverint,

269 489 385 522 cum
412 472 464 520 in
489 474 669 522 eodem
695 489 888 536 genere,
916 473 967 520 in
986 488 1087 535 quo
1112 471 1204 535 ipsi
1231 470 1572 530 offendissent,
1599 469 1725 519 alios
1749 471 2012 534 reprehen-

268 563 471 622 dissent,
523 578 575 610 se
617 563 683 610 ad
724 562 945 625 praemia
987 560 1109 624 legis
1159 559 1327 610 venire
1375 568 1620 623 oportere.
1694 561 2014 623 Quapropter

218 667 243 715 5
269 652 519 700 neminem
546 650 774 699 dubitare
800 649 1029 699 existimo
1055 648 1176 713 quin
1201 649 1285 698 illa
1324 647 1584 698 damnatio
1622 649 1838 697 ambitus
1876 649 2014 696 nulla

269 756 330 789 ex
366 749 505 803 parte
539 756 650 788 cum
678 756 829 788 causa
855 738 1058 790 Cluenti
1082 748 1349 801 vestroque
1375 737 1562 787 iudicio
1599 735 1870 787 coniuncta
1905 752 2012 786 esse

269 828 439 891 possit.
512 840 594 893 99.
635 828 786 891 Quid,
839 829 976 892 quod
1024 827 1255 877 Staienus
1305 837 1379 877 est
1429 826 1837 876 condemnatus?
1887 828 2004 875 Non

270 916 386 967 dico
425 918 522 967 hoc
560 926 799 980 tempore,
841 916 1047 977 iudices,
1088 917 1141 966 id
1181 919 1319 981 quod
1358 915 1530 966 nescio
1555 932 1619 965 an
1646 915 1746 964 dici
1770 923 2010 979 oporteat,

270 1005 409 1054 illum
456 1006 726 1056 maiestatis
764 1023 873 1055 esse
922 1006 1344 1055 condemnatum:
1381 1022 1485 1055 non
1526 1004 1684 1054 recito
1730 1004 2013 1054 testimonia

188 1114 245 1145 10
270 1096 529 1144 hominum
569 1095 1045 1156 honestissimorum,
1087 1112 1215 1159 quae
1254 1097 1304 1143 in
1344 1096 1602 1145 Staienum
1641 1102 1756 1143 sunt
1793 1093 1928 1143 dicta
1951 1095 2013 1143 ab

271 1184 357 1245 eiS,
386 1187 470 1247 qui
513 1187 668 1234 Mam.
712 1184 945 1245 Aemilio,
979 1184 1253 1234 clarissimo
1293 1186 1415 1244 viro,
1442 1182 1592 1247 legati
1617 1193 1667 1232 et
1690 1182 1929 1246 praefecti
1965 1191 2015 1233 et

269 1273 455 1323 tribuni
481 1274 717 1323 militares
744 1275 941 1323 suerunt
965 1293 973 1322 :
1012 1289 1225 1336 quorum
1252 1273 1550 1323 testimoniis
1586 1274 1792 1337 planum
1828 1274 2013 1322 factum

271 1371 344 1411 est
391 1363 606 1412 maxime
652 1363 755 1412 eius
806 1379 971 1426 opera,
1033 1379 1149 1411 cum
1210 1371 1446 1426 quaestor
1504 1370 1648 1422 esset,
1698 1361 1748 1410 in
1797 1360 2014 1410 exercitu

271 1451 573 1501 seditionem
599 1468 706 1502 esse
732 1448 1014 1501 conflatam.
1092 1454 1172 1501 Ne
1197 1451 1283 1500 illa
1307 1453 1515 1515 quidem
1535 1449 1821 1500 testimonia
1843 1449 2014 1511 recito,

188 1556 243 1606 15
271 1559 401 1606 quae
427 1542 562 1591 dicta
587 1552 715 1604 sunt,
745 1544 809 1592 de
842 1544 931 1592 HS
959 1554 1045 1602 ff,
1075 1558 1204 1605 quae
1240 1541 1323 1591 ille
1350 1559 1466 1590 cum
1502 1540 1779 1606 accepisset
1814 1541 2016 1590 nomine

269 1631 441 1681 iudicii
484 1633 734 1694 Safiniani,
781 1633 909 1682 sicut
951 1634 1002 1682 in
1047 1631 1316 1696 Oppianici
1359 1630 1548 1682 iudicio
1586 1639 1776 1695 postea,
1821 1628 2016 1680 reticuit

270 1731 420 1785 atque
445 1722 732 1786 suppressit.
810 1735 919 1776 100.
963 1723 1159 1773 Omitto
1179 1731 1229 1771 et
1253 1723 1378 1771 haec
1405 1730 1454 1771 et
1479 1720 1575 1770 alia
1599 1720 1859 1785 permulta,
1888 1736 2016 1783 quae

271 1810 355 1859 illo
380 1810 569 1860 iudicio
594 1811 646 1859 in
685 1812 945 1861 Staienum
986 1812 1123 1861 dicta
1163 1819 1310 1860 sunt:
1348 1811 1447 1859 hoc
1485 1811 1616 1870 dico,
1644 1810 1873 1860 'eandem
1909 1818 2015 1858 tum

269 1899 420 1949 fuisse
447 1903 498 1949 P.
528 1910 577 1950 et
603 1903 656 1950 L.
688 1901 948 1962 CominiiS,
979 1901 1228 1966 equitibus
1255 1899 1518 1961 Romanis,
1559 1898 1785 1949 honestis
1824 1898 2016 1948 homin-

185 2005 246 2036 20
267 1988 381 2038 ibus
408 1999 456 2038 et
481 1990 693 2049 disertis,
720 1993 1107 2041 controversiam
1132 2008 1248 2039 cum
1274 1989 1489 2050 Staien0‚
1519 2005 1670 2053 quem
1695 1988 2014 2049 accusabant,

270 2096 401 2143 quae
440 2097 577 2130 nunc
615 2082 736 2130 mihi
776 2091 850 2151 est
893 2098 1011 2131 curn
1060 2081 1231 2131 Accio.
1311 2080 1532 2132 Cominii
1580 2082 1816 2130 dicebant
1863 2079 2013 2141 idem,

269 2170 406 2232 quod
432 2186 527 2233 ego
553 2170 700 2219 dico:
735 2173 990 2221 Staienum
1016 2172 1079 2220 ab
1117 2170 1402 2235 Oppianico
1441 2170 1708 2234 pecuniam
1747 2169 2014 2234 accepisse,

269 2267 322 2307 ut
347 2258 589 2308 iudicium
614 2270 979 2325 corrumperet:
1017 2260 1247 2311 Staienus
1273 2259 1622 2310 conciliandae
1656 2260 1841 2324 gratiae
1865 2275 2018 2310 causa

270 2348 524 2411 accepisse
563 2349 776 2399 dicebat.
854 2363 966 2404 101.
1005 2349 1312 2400 Irridebatur
1347 2350 1473 2399 haec
1508 2349 1640 2398 illius
1676 2348 2017 2399 reconciliatio

187 2450 210 2480 2
221 2447 245 2496 5
271 2447 320 2485 et
358 2454 573 2501 persona
609 2439 700 2487 viri
737 2439 859 2489 boni
898 2448 1146 2504 suscepta,
1173 2439 1301 2489 sicut
1326 2441 1377 2488 in
1403 2437 1576 2488 statuis
1602 2436 1854 2501 inauratis,
1893 2454 2019 2501 quas

271 2526 436 2590 posuit
471 2529 536 2577 ad
576 2531 840 2579 Iuturnae:
877 2528 1057 2593 quibus
1095 2528 1384 2599 subscripsit
1421 2544 1562 2592 reges
1588 2544 1618 2577 a
1642 2544 1696 2577 se
1721 2526 1773 2576 in
1809 2525 2017 2592 gratiam

272 2633 381 2666 esse
429 2618 676 2667 reductos.
755 2620 1149 2687 Exagitabantur
1208 2617 1313 2667 eius
1373 2634 1548 2667 omnes
1606 2618 1809 2667 fraudes
1867 2624 2019 2680 atque

273 2707 511 2767 fallaciae,
539 2716 645 2756 tota
683 2707 785 2757 vita
823 2707 875 2756 in
914 2708 1020 2757 eius
1060 2708 1199 2757 modi
1241 2706 1432 2757 ratione
1471 2715 1665 2756 versata
1689 2705 2016 2770 aperiebatur,

274 2804 467 2858 egestas
493 2797 786 2857 domestica,
815 2806 1050 2860 quaestus
1075 2795 1283 2846 forensis
1319 2795 1370 2845 in
1407 2795 1628 2845 medium
1663 2795 2016 2859 proferebatur,

188 2896 251 2943 30
275 2886 582 2934 nummarius
631 2888 871 2950 interpres
919 2886 1058 2951 pacis
1107 2895 1156 2935 et
1202 2885 1503 2935 concordiae
1550 2901 1654 2935 non
1699 2885 2015 2949 probabatur.

277 2977 456 3039 Itaque
503 2983 609 3024 tum
658 2960 900 3036 Staienus,
946 2993 1061 3025 curn
1109 2975 1242 3025 idem
1292 2975 1584 3025 defenderet
1633 2975 1772 3040 quod
1819 2974 2019 3032 AcciuS,

277 3066 643 3115 condemnatus
669 3074 755 3115 est.
833 3077 944 3119 102.
985 3064 1205 3115 Cominii
1231 3081 1347 3114 cum
1372 3066 1471 3114 hoc
1496 3073 1713 3130 agerent,
1754 3062 1891 3128 quod
1929 3077 2022 3112 nos
2096 3067 2106 3124 ’ξς

278 3155 327 3203 in
355 3164 459 3205 tota
485 3171 634 3205 causa
659 3155 863 3219 egimus
893 3157 1243 3219 probaverunt.
1319 3156 1487 3218 Quam
1514 3154 1580 3203 ob
1605 3169 1709 3204 rem
1751 3151 1792 3202 si
1833 3149 2022 3203 Staieni
