2106 3386
251 162 318 211 28
506 160 660 214 PRO
702 161 771 212 A.
814 159 1233 214 CLUENTIO
1276 160 1599 214 ORATIO.
1675 159 1896 228 [XXVII.
1920 173 1987 227 73

250 301 385 350 enim
425 302 518 350 sibi
552 301 781 351 Staienus
818 317 1100 365 cognomen
1138 316 1199 350 ex
1235 300 1534 365 imaginibus
1570 301 1826 350 Aeliorum
1862 301 2001 350 dele-·

248 399 401 454 gerat,
430 407 509 451 ne,
536 392 575 440 si
602 407 654 440 se
680 390 913 454 Ligurem
940 392 1152 450 fecisset,
1181 390 1398 446 nationis
1422 389 1579 453 magis
1615 405 1767 453 quam
1802 391 1995 454 generis

250 482 319 528 uti
345 479 645 544 cognomine
671 479 1003 540 videretur—‘
1023 495 1123 543 qua
1149 480 1213 527 de
1233 496 1284 527 re
1310 494 1507 527 mecum
1534 479 1731 527 locutus
1756 494 1824 539 eS‚
1847 494 1994 541 quae-

249 579 362 618 runt
404 587 432 618 a
470 586 551 618 me
594 550 680 617 ubi
723 569 785 617 sit
810 567 1056 632 pecunia.'
1130 570 1233 617 Hic
1259 569 1341 617 ille
1366 569 1548 631 planus
1574 566 1987 630 improbissimuS‚

197 674 222 722 5
249 669 457 722 quaestu
494 658 754 708 iudiciario
795 668 986 722 pastuS‚
1003 661 1087 721 qui
1125 658 1194 706 illi
1219 659 1478 722 pecuniae,
1507 673 1658 720 quam
1683 657 1992 718 condiderat,

248 764 336 811 spe
361 747 457 797 iam
495 757 646 811 atque
683 747 853 797 animo
890 746 1161 809 incubaret,
1202 748 1449 797 contrahit
1486 748 1996 796 frontem—recorda-

247 839 368 887 mini
417 840 594 887 faciem
642 846 793 900 atque
842 839 951 886 illos
995 840 1100 887 eius
1156 838 1298 886 fictos
1359 837 1717 899 simulatosque
1763 837 1996 886 voltus—

248 927 468 992 queritur
508 945 560 976 se
601 928 665 975 ab
709 928 995 990 Oppianico
1038 928 1348 986 destitutum,
1377 935 1439 987 et,
1468 928 1553 994 qui
1590 935 1721 975 esset
1757 934 1893 975 totus
1933 941 1994 975 ex

249 1017 422 1067 fraude
450 1026 497 1066 et
522 1018 787 1066 mendacio
813 1017 970 1065 factus
996 1018 1181 1081 qqique
1209 1034 1265 1066 ea
1285 1016 1417 1076 vitia,
1441 1032 1570 1079 quae
1595 1032 1624 1064 a
1649 1025 1824 1064 natura
1847 1016 1994 1064 habe-

168 1126 226 1157 10
250 1110 348 1168 bat,
388 1107 538 1156 etiam
578 1106 746 1155 studio
783 1116 932 1169 atque
974 1106 1181 1154 artificio
1215 1106 1437 1168 quodam
1471 1105 1689 1154 malitiae
1726 1104 1996 1165 condisset,

250 1199 420 1261 pulcre
463 1198 722 1246 adseverat
760 1194 889 1262 [sese
932 1197 995 1244 ab
1035 1195 1321 1259 Oppianico
1361 1193 1692 1261 destitutum],
1721 1204 1872 1258 atque
1897 1197 1995 1244 hoc

250 1286 391 1336 addit
417 1285 704 1345 testimonii,
734 1301 822 1333 sua
846 1285 986 1333 illum
1014 1284 1272 1345 sententia,
1300 1301 1415 1333 cum
1444 1286 1609 1348 palam
1647 1301 1823 1334 omnes
1849 1286 1992 1334 laturi

250 1386 431 1436 essent,
454 1377 848 1425 condemnatum
876 1374 944 1423 iri.

319 1467 542 1514 XXVII.
582 1472 662 1530 73.
705 1467 935 1513 Manarat
962 1480 1125 1513 sermo
1151 1466 1200 1512 in
1228 1464 1437 1512 consilio
1474 1465 1717 1528 pecuniae
1742 1466 1994 1529 quandam

168 1570 223 1619 15
252 1557 560 1604 mentionem
610 1554 736 1603 inter
783 1553 976 1602 iudices
1023 1569 1133 1602 esse
1182 1563 1440 1602 versatam.
1531 1556 1635 1603 Res
1683 1571 1847 1617 neque
1893 1563 1994 1603 tam
2061 1571 2065 1576 ·

251 1648 408 1695 suerat
444 1644 642 1693 occulta
679 1660 830 1707 quam
867 1653 972 1692 erat
1009 1643 1311 1692 occultanda
1347 1660 1511 1706 neque
1547 1653 1648 1692 tam
1686 1654 1790 1693 erat
1825 1653 1996 1708 aperta

250 1751 401 1797 quam
427 1735 496 1782 rei
523 1733 754 1796 publicae
780 1749 930 1781 causa
956 1732 1240 1795 aperienda.
1317 1734 1377 1780 In
1415 1749 1473 1781 ea
1498 1733 1801 1783 obscuritate
1825 1750 1885 1782 ac
1910 1734 1997 1782 du-

250 1823 495 1873 bitatione
521 1822 744 1872 omnium
772 1821 1040 1881 Cannutio,
1069 1822 1228 1886 perito
1255 1821 1461 1882 homini,
1491 1822 1575 1886 qui
1595 1823 1815 1886 quodam
1840 1823 1995 1876 odore
2067 1888 2070 1891 .

250 1912 545 1976 suspicionis
584 1913 841 1961 Staienum
867 1919 1156 1974 corruptum
1183 1927 1292 1960 esse
1318 1913 1551 1962 sensisset
1576 1912 1864 1975 nequedum
1890 1927 1993 1961 rem

165 2018 227 2050 20
249 2002 520 2065 perfectam
535 2002 864 2060 arbitraretur,
887 2002 1074 2064 placuit
1093 2009 1299 2062 repente
1318 2001 1656 2063 pronuntiari:
1686 2000 1997 2050 DIXERUNT.

253 2094 356 2140 Hic
395 2100 502 2140 turn
552 2092 864 2154 Oppianicus
906 2106 1009 2138 non
1052 2105 1236 2152 magno
1284 2106 1434 2152 opere
1477 2091 1767 2153 pertimuit:
1814 2105 1918 2139 rem
1967 2107 1996 2139 a

252 2182 457 2230 Staieno
482 2181 755 2244 perfectam
782 2195 893 2228 esse
918 2180 1263 2228 arbitrabatur.
1357 2187 1438 2244 74.
1480 2181 1541 2228 In
1568 2178 1830 2228 consilium
1855 2190 1995 2229 erant

250 2270 363 2318 ituri
434 2269 624 2319 iudices
696 2283 864 2317 XXXII.
993 2267 1261 2318 Sententiis
1333 2283 1423 2316 XV1
1493 2268 1745 2318 absolutio
1815 2270 1995 2337 con—sici

251 2368 457 2422 poterat.
533 2359 868 2421 Quadragena
894 2356 1030 2405 milia
1054 2345 1314 2405 nummum
1351 2359 1402 2405 in
1427 2357 1649 2421 singulos
1685 2356 1875 2407 iudices
1900 2357 1996 2407 dis-

166 2465 190 2495 2
198 2462 224 2512 5
252 2449 434 2497 tributa
460 2465 575 2497 eum
602 2463 862 2496 numerum
899 2447 1256 2496 sententiarum
1283 2448 1529 2495 conficere
1554 2446 1824 2506 debebant,
1850 2456 1903 2507 ut
1929 2449 1995 2497 ad

252 2538 512 2586 cumulum
552 2553 639 2600 spe
676 2536 920 2586 maiorum
956 2537 1292 2600 praemiorum
1329 2536 1484 2599 ipsius
1521 2534 1710 2585 Staieni
1747 2536 1996 2596 sententia

252 2626 465 2690 septima
507 2626 704 2675 decima
744 2627 1024 2675 accederet.
1131 2628 1299 2687 Atque
1338 2625 1488 2674 etiam
1530 2641 1649 2674 casu
1689 2635 1810 2687 tum,
1854 2627 1994 2692 quod

250 2715 374 2764 illud
401 2725 605 2778 repente
633 2724 736 2764 erat
763 2717 965 2776 factum,
993 2714 1222 2764 Staienus
1248 2716 1353 2777 ipse
1390 2731 1490 2763 non
1517 2715 1702 2764 aderat.
1777 2716 1992 2782 Causam

252 2806 424 2853 nescio
450 2821 601 2867 quam
629 2805 760 2867 apud
788 2804 1006 2853 iudicem
1036 2804 1365 2860 defendebat,
1431 2802 1601 2853 Facile
1637 2804 1734 2853 hoc
1773 2804 1994 2856 Habitus

163 2909 227 2955 30
250 2893 547 2957 patiebatur,
576 2893 719 2942 facile
747 2893 1026 2942 Cannutius
1052 2913 1060 2942 :
1097 2902 1147 2941 at
1172 2909 1275 2942 non
1302 2892 1615 2956 Oppianicus
1642 2909 1809 2956 neque
1832 2902 1995 2957 patro-

249 2999 342 3030 nus
369 2981 475 3031 eius
502 2985 556 3031 L.
587 2982 884 3044 Quinctius:
923 2982 1007 3046 qui
1046 2999 1161 3030 cum
1207 2991 1336 3030 esset
1376 2981 1461 3030 illo
1504 2991 1730 3045 tempore
1766 2981 1994 3032 tribunus

250 3071 424 3135 plebis,
453 3071 736 3135 convicium
766 3073 820 3122 C.
854 3072 1001 3120 Iunio
1026 3070 1178 3125 iudici
1206 3070 1512 3134 quaestionis
1550 3071 1822 3127 maximum
1860 3070 1990 3132 fecit,

250 3170 303 3213 ut
331 3177 394 3213 ne
419 3160 527 3211 sine
551 3160 637 3214 illo
664 3161 714 3216 in
739 3161 1004 3217 consilium
1031 3160 1210 3216 iretur:
1246 3176 1462 3229 cumque
1500 3161 1550 3209 id
1587 3161 1631 3214 ei
1668 3176 1757 3229 per
1780 3159 2013 3214 viatoresf

2083 304 2106 324 ‘N
