2106 3386
128 164 245 205 m.
281 151 402 220 153]
491 151 644 204 PRO
687 150 756 202 A.
802 149 1219 204 CLUENTIO
1262 147 1588 201 ORATIO.
1804 160 1870 216 59

130 293 181 341 in
206 291 335 341 hanc
361 307 511 339 unam
537 290 882 353 quaestionem
907 290 1211 338 contulisset.
1292 295 1403 352 152.
1444 289 1492 335 N
1498 303 1556 336 ec
1583 303 1720 335 nunc
1740 289 1871 350 quic-

132 396 284 445 quam
322 378 668 443 agitur—mihi
715 378 920 437 credite,
964 375 1167 439 iudiceS,
1211 385 1260 426 et
1308 377 1578 440 prospicite
1623 377 1689 435 id,
1734 376 1872 440 quod

133 467 498 531 providendum
546 466 783 515 est—nisi
824 473 878 513 ut
925 473 1156 527 equester
1214 466 1340 514 ordo
1400 467 1450 512 in
1497 465 1703 513 huiusce
1751 465 1873 527 legis

67 576 70 577 ⁷
133 556 406 621 perieulum
431 554 772 604 concludatur.
847 555 1027 617 Neque
1052 553 1150 602 hoc
1174 553 1332 617 agitur
1356 555 1421 602 ab
1457 554 1705 614 omnibus,
1733 554 1820 602 sed
1846 570 1874 602 a

134 646 320 710 paucis,
394 646 528 693 Nam
554 643 600 693 ei
625 652 891 702 senatoreS‚
920 643 1006 706 qui
1032 658 1084 692 se
1109 644 1254 692 facile
1278 651 1478 692 tuentur
1513 644 1791 706 integritate
1828 652 1877 691 et
1937 661 1960 709 5

134 734 433 793 innocentia,
462 734 649 797 quales,
677 741 731 781 ut
754 748 869 781 vere
894 732 1072 792 dicam,
1100 748 1190 781 vos
1223 733 1354 792 estis,
1382 741 1432 781 et
1456 733 1621 794 ceteri,
1650 732 1734 794 qui
1771 732 1878 781 sine

134 822 408 887 cupiditate
426 824 665 880 vixerunt,
687 822 879 884 equites
899 821 1062 870 ordini
1082 823 1332 871 senatorio
1352 822 1592 885 dignitate
1609 822 1876 885 proximOS,

135 911 407 961 concordia
454 910 890 961 coniunctissimos
938 926 1047 960 esse
1095 912 1334 975 cupiunt:
1389 911 1478 960 sed
1527 912 1585 971 ei,
1637 910 1722 974 qui
1770 927 1878 960 sese

135 1002 311 1058 volunt
345 1017 493 1064 posse
541 1002 711 1049 omnia
746 1016 912 1064 neque
948 1009 1204 1063 praeterea
1253 999 1524 1063 quicquam
1561 1016 1671 1049 esse
1707 1008 1792 1049 aut
1828 1002 1878 1048 in

138 1092 341 1141 homine
377 1091 481 1139 ullo
519 1099 602 1138 aut
639 1091 690 1138 in
727 1089 917 1150 ordine,
956 1091 1056 1138 hoc
1092 1105 1194 1138 uno
1233 1098 1369 1139 metu
1407 1106 1459 1139 se
1483 1098 1662 1152 putant
1687 1091 1878 1153 equites
1908 1108 1966 1140 10

137 1183 398 1230 Romanos
423 1182 473 1228 in
509 1187 808 1243 potestatem
846 1196 988 1228 suam
1024 1179 1327 1240 redacturOS,
1366 1181 1405 1228 si
1441 1179 1765 1228 constitutum
1802 1179 1878 1242 sit,

138 1278 193 1319 ut
211 1270 275 1319 de
301 1268 386 1330 eiS,
415 1271 497 1332 qui
518 1286 622 1319 rem
642 1267 920 1329 iudicarint,
943 1268 1153 1319 huiusce
1178 1269 1316 1319 modi
1341 1268 1525 1318 iudicia
1550 1269 1653 1317 fieri
1674 1271 1877 1332 possint.

138 1360 328 1408 Vident
370 1359 505 1407 enim
547 1359 893 1408 auctoritatem
936 1358 1080 1407 huius
1122 1359 1310 1408 ordinis
1357 1359 1670 1408 confirmari:
1706 1358 1881 1408 vident

139 1448 320 1497 iudicia
345 1448 694 1511 comprobari:
730 1448 829 1496 hoc
853 1456 991 1496 metu
1016 1449 1275 1512 proposito
1311 1448 1521 1496 evellere
1560 1464 1613 1497 se
1649 1449 1880 1498 aculeum

141 1538 413 1587 severitatis
471 1545 664 1586 vestrae
723 1553 872 1600 posse
932 1538 1207 1587 confidunt.
1286 1545 1398 1602 153.
1439 1539 1566 1600 Quis
1625 1537 1758 1587 enim
1818 1539 1882 1587 de
1911 1552 1966 1600 15

140 1628 343 1676 homine
368 1627 550 1676 audeat
574 1628 726 1690 paulo
750 1626 1020 1676 maioribus
1046 1629 1226 1690 opibus
1245 1628 1472 1691 praedito
1493 1644 1606 1677 vere
1631 1636 1679 1676 et
1698 1628 1886 1677 fortiter

138 1717 374 1777 iudicare,
401 1733 515 1765 curn
542 1717 708 1766 videat
734 1717 828 1765 sibi
854 1717 919 1766 de
945 1733 1021 1778 eo,
1049 1717 1189 1780 quod
1225 1718 1399 1767 coierit
1437 1725 1521 1766 aut
1558 1719 1879 1778 consenserit,

141 1822 345 1856 causam
372 1822 479 1856 esse
505 1806 774 1856 dicendam
791 1808 814 1855 ?

206 1897 341 1944 LVI.
388 1896 434 1945 O
472 1897 603 1945 viros
638 1896 804 1954 forteS‚
846 1896 1038 1958 equites
1078 1897 1355 1955 RomanOS,
1396 1897 1479 1959 qui
1506 1895 1699 1945 homini
1724 1897 1885 1945 claris-

141 1984 269 2034 simo
304 2001 363 2034 ac
398 1986 763 2049 potentissimo,
804 1986 875 2033 M.
919 1986 1098 2045 Druso,
1138 1986 1338 2034 tribuno
1374 1984 1536 2049 plebis
1584 1987 1882 2046 restiterunt,
1912 2002 1971 2032 20

143 2090 260 2124 cum
297 2073 379 2123 ille
415 2075 538 2122 nihil
574 2075 710 2124 aliud
745 2082 914 2139 ageret
949 2090 1065 2123 cum
1104 2075 1186 2124 illa
1222 2084 1421 2135 cuncta,
1450 2091 1578 2138 quae
1614 2084 1720 2124 tum
1764 2084 1882 2136 erat,

142 2164 416 2226 nobili-tate,
444 2164 538 2211 nisi
571 2172 625 2211 ut
652 2165 698 2212 ei
724 2162 809 2226 qui
834 2179 939 2212 rem
972 2164 1291 2224 iudicassent,
1319 2163 1527 2229 huiusce
1552 2165 1690 2213 modi
1717 2181 1887 2228 quaes-

144 2252 360 2302 tionibus
386 2251 436 2300 in
462 2253 704 2301 iudicium
728 2261 1036 2302 vocarentur.
1108 2255 1253 2301 Tunc
1281 2255 1338 2304 C.
1368 2255 1566 2302 Flavius
1592 2253 1761 2316 Pusio,
1791 2256 1883 2305 Cn.

145 2340 376 2401 Titinius,
416 2341 476 2390 C.
517 2342 804 2402 Maecenas,
843 2340 928 2389 illa
964 2343 1145 2391 robora
1179 2344 1355 2406 populi
1393 2341 1613 2391 Romani
1638 2344 1888 2407 ceterique

145 2429 371 2480 eiusdem
395 2431 597 2491 ordinis,
625 2446 728 2479 non
753 2431 979 2480 fecerunt
1002 2430 1154 2491 idem,
1184 2433 1322 2495 quod
1359 2447 1493 2479 nunc
1531 2433 1806 2492 Cluentius,
1834 2442 1888 2482 ut
1914 2445 1971 2495 25

143 2519 332 2583 aliquid
356 2521 533 2583 culpae
553 2519 801 2584 suscipere
822 2536 875 2570 se
899 2529 1131 2583 putarent
1150 2522 1444 2581 recusando,
1468 2521 1555 2570 sed
1580 2502 1889 2584 apertissime

145 2618 495 2673 repugnarunt,
525 2626 640 2658 cum
675 2610 802 2659 haec
838 2618 1126 2659 recusarent
1163 2619 1211 2659 et
1247 2611 1413 2672 palam
1439 2610 1705 2660 fortissime
1740 2620 1889 2675 atque

148 2697 499 2748 honestissime
535 2699 760 2748 dicerent
797 2715 849 2748 se
886 2701 1110 2762 potuisse
1147 2699 1335 2748 iudicio
1370 2699 1545 2763 populi
1582 2702 1802 2749 Romani
1839 2703 1888 2748 in

146 2787 506 2851 amplissimum
565 2788 733 2837 locum
779 2787 1054 2852 pervenire,
1103 2789 1143 2837 si
1193 2804 1281 2837 sua
1339 2789 1507 2838 studia
1554 2791 1619 2839 ad
1674 2790 1889 2840 honores

147 2876 393 2939 petendos
429 2876 652 2926 conferre
687 2877 994 2926 voluissent:
1032 2893 1141 2926 sese
1176 2877 1374 2936 vidisse,
1425 2876 1476 2925 in
1513 2894 1572 2927 ea
1607 2879 1706 2926 vita
1731 2880 1891 2941 qualis
1915 2893 1978 2937 30

148 2966 386 3028 splendor
423 2963 622 3025 inesset,
665 2974 851 3029 quanta
890 2973 1197 3026 ornamenta,
1240 2982 1370 3029 quae
1406 2965 1648 3031 dignitas:
1687 2983 1815 3030 quae
1839 2984 1891 3016 se

149 3069 254 3103 non
271 3055 645 3118 contempsisse,
669 3055 758 3104 sed
783 3054 960 3106 ordine
979 3071 1070 3104 suo
1089 3063 1384 3119 patrumque
1403 3071 1604 3104 suorum
1629 3064 1891 3105 contentos

153 3141 303 3192 fuisse
352 3151 401 3192 et
448 3144 601 3191 vitam
650 3145 785 3193 illam
833 3143 1150 3207 tranquillam
1199 3153 1248 3193 et
1298 3143 1532 3207 quietam,
1573 3154 1816 3194 remotam
1865 3161 1892 3192 a
