2106 3386
270 143 333 193 16
582 142 736 195 PRO
777 142 846 194 A.
892 140 1310 194 CLUENTIO
1353 140 1679 194 ORATIO.
1761 140 1908 210 [XIV.
1935 158 2005 208 42

261 284 542 344 horrebant,
580 298 755 332 omnes
794 291 847 331 ut
883 283 1102 346 aliquam
1136 280 1406 330 immanem
1440 297 1499 329 ac
1533 281 1866 344 perniciosam
1901 285 2010 333 bes-

262 374 382 420 tiam
415 382 708 435 pestemque
733 371 1003 435 fugiebant.
1088 382 1170 437 42.
1212 359 1369 419 Hunc
1405 379 1574 420 tamen
1611 370 1870 421 hominem
1906 381 2009 422 tam

263 462 523 522 audacem,
562 470 665 510 tam
701 454 955 521 nefarium,
985 469 1087 508 tam
1125 468 1395 508 nocentem
1431 475 1705 523 numquam
1730 471 2012 511 accusasset
2072 463 2080 470 '

268 551 503 611 Habitus,
566 550 770 610 iudices,
834 552 873 598 si
932 550 982 597 id
1042 551 1432 612 praetermittere
1493 565 1584 597 suo
1644 550 1782 598 salvo
1851 553 2014 614 capite

214 640 519 703 5potuisset.
596 641 714 687 Erat
750 637 867 686 huic
903 638 1133 686 inimicus
1171 637 1513 701 Oppianicus:
1551 647 1670 698 erat,
1710 640 1801 688 sed
1843 647 2013 689 tamen

265 737 370 777 erat
428 727 660 777 vitricus:
722 727 936 776 crudelis
999 737 1048 775 et
1107 729 1223 775 huic
1271 729 1453 776 infesta
1507 735 1681 786 mater,
1731 737 1781 777 at
1839 737 2009 778 mater.

267 820 526 866 Postremo
551 818 674 864 nihil
712 826 813 865 tam
839 826 1086 866 remotum
1113 818 1175 865 ab
1201 818 1520 865 accusatione
1557 833 1711 879 quam
1751 819 2012 866 Cluentius

266 915 315 955 et
354 915 529 955 natura
566 916 615 955 et
648 907 904 955 voluntate
941 915 990 954 et
1033 906 1263 954 instituta
1299 907 1491 955 ratione
1529 905 1673 955 vitae.
1747 906 1844 956 Sed
1895 923 2010 955 curn

267 1004 395 1044 esset
432 997 555 1044 haec
606 995 649 1044 ei
699 994 955 1058 proposita
1004 994 1253 1063 cond-icio,
1288 1004 1342 1042 ut
1391 1004 1474 1043 aut
1525 997 1652 1044 iuste
1702 997 1884 1059 pieque
1930 1013 2014 1044 ac-

184 1101 243 1132 10
266 1094 459 1135 cusaret
507 1093 590 1133 aut
638 1085 816 1132 acerbe
852 1083 1156 1146 indigneque
1193 1092 1481 1143 moreretur,
1520 1100 1766 1144 accusare,
1805 1101 2012 1148 quoquo

266 1176 421 1224 modo
446 1183 630 1237 posset,
659 1189 809 1236 quam
835 1173 919 1222 illo
946 1174 1101 1222 modo
1129 1175 1283 1222 emori
1310 1174 1496 1223 maluit.

333 1277 414 1330 43.
454 1267 625 1327 Atque
662 1273 716 1312 ut
759 1265 858 1312 hoc
906 1263 976 1312 ita
1020 1279 1128 1312 esse
1176 1263 1458 1327 perspicere
1506 1262 1719 1327 possitis,
1766 1280 2014 1329 exponam

267 1351 409 1402 vobis
457 1352 725 1416 Oppianici
763 1351 954 1401 facinus
992 1352 1257 1402 manifesto
1296 1361 1610 1415 compertum
1645 1362 1798 1417 atque
1846 1355 2016 1418 depre-

269 1444 479 1492 hensum
500 1461 509 1491 :
547 1459 607 1492 ex
631 1458 734 1505 quo
760 1442 907 1491 simul
932 1451 1215 1505 utrumque,
1245 1451 1294 1491 et
1320 1442 1435 1504 huic
1472 1459 1708 1493 accusare
1732 1453 1781 1493 et
1806 1443 1877 1507 iJ-li
1901 1460 2015 1494 con-

186 1542 241 1591 15
269 1532 510 1592 demnari,
539 1549 745 1582 necesse
772 1532 922 1582 fuisse
948 1532 1260 1595 intellegetis.

335 1625 445 1670 XV.
488 1623 743 1670 Martiales
816 1622 1022 1684 quidam
1059 1611 1061 1629 '
1095 1621 1264 1670 Larini
1336 1622 1732 1685 appellabantur,
1806 1622 2016 1674 ministri

268 1710 455 1775 publici
483 1710 661 1759 Martis
689 1719 841 1773 atque
866 1710 912 1759 ei
939 1712 1037 1760 deo
1056 1710 1306 1760 veteribus
1331 1710 1568 1760 institutis
1593 1710 2018 1776 religionibusque

270 1800 576 1848 Larinatium
624 1799 933 1849 consecrati:
972 1816 1185 1863 quorum
1223 1816 1338 1849 cum
1376 1800 1494 1850 satis
1535 1817 1746 1864 magnus
1780 1817 2018 1851 numerus

269 1898 412 1949 esset,
452 1905 670 1952 cumque
706 1889 840 1949 item,
880 1899 934 1938 ut
970 1889 1022 1937 in
1057 1889 1224 1938 Sicilia
1259 1890 1491 1953 permulti
1528 1889 1731 1939 Venerii
1779 1899 1908 1951 sunt,
1948 1889 2018 1940 sic

185 1992 246 2023 20
270 1976 339 2026 illi
366 1977 535 2026 Larini
560 1977 611 2025 in
639 1979 815 2026 Martis
841 1976 1027 2026 familia
1052 1987 1443 2039 numerarentur,
1469 1988 1672 2043 repente
1710 1979 2030 2044 Oppianicus.

271 2083 357 2116 eos
394 2083 568 2116 omnes
593 2066 776 2116 liberos
814 2083 922 2116 esse
958 2067 1194 2130 civesque
1231 2069 1494 2117 Romanos
1530 2068 1698 2132 coepit
1734 2070 2019 2120 defendere.

271 2155 499 2204 Graviter
536 2155 587 2204 id
624 2155 919 2205 decuriones
962 2155 1270 2205 Larinatium
1313 2157 1582 2222 cunctique
1630 2158 1910 2222 municipes
1948 2168 2022 2209 tu-

271 2246 447 2294 lerunt.
547 2247 726 2308 Itaque
788 2246 851 2293 ab
917 2246 1112 2294 Habito
1172 2245 1471 2310 petiverunt,
1533 2255 1586 2295 ut
1646 2264 1757 2296 eam
1817 2265 2020 2298 causam
2092 2255 2106 2284 >¹2

274 2333 547 2397 susciperet
571 2334 877 2398 publiceque
915 2335 1222 2384 defenderet.
1320 2336 1545 2386 Habitus
1570 2352 1686 2385 cum
1712 2353 1766 2387 se
1793 2339 1857 2386 ab
1883 2338 2021 2388 omni

189 2435 245 2483 25
273 2425 377 2472 eius
404 2423 540 2472 modi
567 2423 770 2487 negotio
797 2423 1104 2483 removisset,
1132 2434 1301 2473 tamen
1325 2441 1415 2488 pro
1441 2427 1570 2486 loco,
1597 2442 1687 2489 pro
1724 2427 2021 2491 antiquitate

273 2511 466 2575 generis
493 2512 581 2571 sui,
609 2529 699 2576 pro
726 2528 801 2572 e0‚
831 2513 969 2576 quod
1007 2511 1103 2579 [se]
1142 2530 1244 2562 non
1282 2515 1383 2563 suis
1420 2515 1716 2576 commodis,
1744 2518 1834 2566 sed
1871 2518 2022 2567 etiam

275 2618 475 2650 suorum
512 2602 824 2665 municipum
861 2611 1242 2665 ceterorumque
1279 2605 1668 2653 necessariorum
1706 2615 1877 2655 natum
1914 2621 2025 2656 esse

275 2689 614 2750 arbitrabatur,
644 2700 812 2740 tantae
838 2693 1081 2741 voluntati
1118 2691 1463 2741 universorum
1502 2694 1808 2743 Larinatium
1847 2697 2023 2746 deesse

277 2779 451 2828 noluit.
558 2792 637 2844 44.
680 2782 923 2843 Suscepta
981 2797 1132 2829 causa
1204 2783 1526 2845 Romamque
1586 2785 1751 2833 delata
1810 2790 2020 2849 magnae

188 2883 252 2930 30
277 2869 460 2918 cotidie
498 2871 846 2920 contentiones
873 2871 999 2920 inter
1027 2871 1274 2921 Habitum
1301 2882 1349 2921 et
1378 2873 1715 2937 Oppianicum
1751 2891 1814 2924 ex
1849 2875 2023 2925 utrius-

276 2976 374 3022 que
433 2959 600 3008 studio
660 2961 968 3011 defensionis
1029 2962 1384 3011 excitabantur.
1485 2965 1602 3013 Erat
1648 2964 1756 3028 ipse
1814 2963 2047 3028 immani,

274 3050 554 3112 acerbaque
603 3059 779 3098 natura
828 3051 1172 3114 Oppianicus:
1232 3051 1536 3102 incendebat
1594 3055 1703 3103 eius
1749 3053 2033 3104 amentiam*

274 3138 454 3186 infesta
481 3147 630 3201 atque
650 3138 851 3204 inimica
879 3140 981 3188 filio
1006 3150 1163 3189 mater
1190 3140 1382 3190 Habiti.
1448 3143 1622 3205 Magni
1649 3152 1812 3192 autem
1838 3141 1908 3191 illi
1935 3158 2023 3191 sua
