2106 3386
91 154 212 195 XVI.
240 142 334 210 47]
414 140 566 194 PRO
608 141 678 193 A.
723 140 1140 195 CLUENTIO
1184 140 1511 194 ORATIO.
1766 156 1828 208 17

87 283 324 333 interesse
366 283 730 331 arbitrabantur
774 281 908 328 hunc
949 298 978 329 a
1017 297 1168 330 causa
1217 281 1522 330 Martialium
1571 282 1824 331 removeri.

87 373 298 437 Suberat
321 372 470 432 etiam
496 370 591 419 alia
616 387 767 419 causa
790 371 960 429 maior,
991 376 1128 432 quae
1157 369 1425 434 Oppianici
1448 369 1662 420 hominis
1699 387 1831 420 avar-

86 459 244 510 issimi
290 469 511 508 mentem
562 459 774 508 maxime
823 460 1191 508 commovebat.
1286 468 1366 525 45.
1420 461 1553 516 Nam
1610 459 1831 509 Habitus

89 565 246 612 usque
286 550 353 598 ad
378 548 507 597 illius
555 548 724 597 iudicii
749 557 945 612 tempus
981 550 1171 596 nullum
1208 557 1558 598 testamentum
1594 565 1831 612 umquam

89 641 291 687 fecerat.
350 640 532 700 Neque
580 639 743 702 legare
792 637 898 686 eius
957 638 1096 687 modi
1157 640 1298 686 matri
1357 647 1552 702 poterat
1610 638 1831 688 animum
1892 648 1919 697 5

89 727 338 788 inducere,
387 743 552 790 neque
601 735 902 776 testamento
949 743 1135 775 nomen
1183 729 1390 776 omnino
1443 726 1833 790 praetermittere

90 815 319 879 parentis.
397 818 455 865 Id
483 834 597 864 cum
623 815 930 880 Oppianicus
956 815 1335 880 sciret-neque
1362 815 1497 866 enim
1523 825 1628 866 erat
1653 816 1834 865 obscu-

89 906 585 970 rum—intellegebat
606 906 802 956 Habito
828 915 1027 955 mortuo
1051 908 1187 955 bona
1207 906 1313 955 eius
1339 905 1509 955 omnia
1533 907 1599 955 ad
1624 914 1833 955 matrem

90 1011 197 1044 esse
245 1004 481 1044 ventura:
542 1011 670 1058 quae
730 997 792 1045 ab
842 1012 951 1045 sese
1004 1005 1179 1059 postea
1215 1004 1361 1044 aucta
1396 994 1610 1059 pecunia
1647 993 1834 1044 maiore

90 1083 325 1147 praemio,
361 1085 536 1133 orbata
571 1083 674 1133 filio
709 1085 901 1134 minore
935 1085 1158 1147 periculo
1195 1092 1468 1134 necaretur.
1542 1086 1722 1146 Itaque
1758 1084 1835 1133 his
1865 1098 1923 1128 10

93 1173 240 1221 rebus
277 1172 525 1233 incensuS‚
554 1190 654 1237 qua
678 1175 869 1223 ratione
908 1173 1156 1223 Habitum
1183 1189 1379 1223 veneno
1416 1173 1590 1223 tollere
1626 1181 1835 1222 conatus

91 1262 151 1311 sit
177 1262 479 1325 cognoscite.

157 1353 298 1400 XVI.
349 1350 428 1417 46.
476 1353 536 1402 C.
596 1361 645 1401 et
702 1354 757 1400 L.
811 1350 1024 1401 Fabricii
1072 1352 1240 1400 fratres
1294 1351 1481 1415 gemini
1529 1353 1725 1422 fuerunt
1775 1368 1836 1400 ex

91 1439 365 1503 municipio
390 1440 667 1501 Alatrinati,
690 1441 918 1490 homines
939 1440 1067 1491 inter
1095 1458 1148 1490 se
1185 1458 1301 1489 cum
1356 1442 1516 1489 forma
1549 1449 1656 1490 tum
1693 1440 1836 1490 mori-

92 1529 183 1578 bus
209 1528 406 1590 similes,
429 1530 737 1594 municipum
762 1539 932 1579 autem
968 1546 1170 1579 suorum
1208 1529 1539 1591 dissimillimi,
1566 1531 1618 1579 in
1655 1530 1836 1594 quibus
1864 1541 1919 1590 15

90 1628 305 1682 quantus
352 1621 587 1684 splendor
646 1620 722 1682 sit,
773 1637 923 1684 quam
982 1637 1138 1684 prope
1198 1618 1486 1683 aequabilis,
1538 1636 1687 1683 quam
1735 1621 1836 1670 fere

91 1709 314 1757 omnium
350 1719 584 1759 constans
622 1719 670 1760 et
706 1710 965 1759 moderata
1000 1708 1125 1759 ratio
1161 1709 1306 1782 vitae,
1346 1725 1496 1759 nemo
1523 1718 1754 1770 vestrum,
1782 1719 1835 1759 ut

93 1813 206 1846 mea
242 1799 334 1846 fert
376 1798 559 1862 opinio,
612 1798 820 1862 ignorat.
916 1801 1014 1848 His
1053 1798 1290 1853 Fabriciis
1350 1815 1548 1863 semper
1594 1808 1670 1848 est
1718 1815 1834 1848 usus

93 1885 402 1949 Oppianicus
427 1886 818 1937 familiarissime.
912 1889 1022 1936 Iam
1047 1887 1145 1936 hoc
1170 1888 1274 1936 fere
1299 1887 1436 1936 scitis
1464 1903 1655 1948 omnes,
1684 1903 1835 1950 quan-

93 1984 193 2023 tam
218 1974 320 2023 vim
345 1977 528 2026 habeat
553 1978 618 2026 ad
644 1976 1022 2041 coniungendas
1060 1976 1302 2025 amicitias
1341 1976 1618 2025 studiorum
1656 1992 1714 2024 ac
1751 1991 1833 2023 na·
1861 1990 1922 2021 20

92 2073 228 2114 turae
266 2065 557 2115 similitudo.
629 2068 758 2117 Cum
796 2066 866 2115 illi
902 2067 970 2116 ita
995 2067 1228 2126 viverent,
1254 2076 1308 2115 ut
1344 2067 1534 2115 nullum
1571 2075 1833 2130 quaestum

92 2161 289 2222 turpem
323 2171 432 2204 esse
467 2155 831 2217 arbitrarentur,
871 2173 987 2205 cum
1036 2155 1199 2205 omnis
1246 2156 1311 2205 ab
1363 2154 1434 2205 eis
1470 2156 1617 2215 frauS,
1658 2170 1833 2204 omnes

91 2242 300 2293 insidiae
376 2243 963 2309 circumscriptionesque
1022 2246 1420 2294 adulescentium
1493 2253 1830 2303 nascerentur,

93 2347 309 2395 cumque
335 2343 499 2382 essent
517 2333 647 2383 vitiis
671 2344 821 2398 atque
841 2334 1159 2398 improbitate
1181 2334 1415 2383 omnibus
1440 2332 1562 2392 noti,
1591 2333 1829 2393 studiose,

93 2430 146 2470 ut
181 2421 298 2483 dixi,
344 2425 408 2472 ad
456 2440 628 2474 eorum
679 2441 731 2475 se
769 2424 1154 2474 familiaritatem
1192 2424 1360 2473 multis
1410 2423 1509 2473 iam
1535 2432 1651 2472 ante
1686 2425 1831 2472 annis
1857 2433 1916 2482 25

31 2515 34 2519 ’
95 2510 400 2575 Oppianicus
449 2513 731 2577 applicarat.
804 2522 884 2579 47.
928 2517 1106 2578 Itaque
1143 2523 1247 2563 tum
1286 2512 1356 2562 sic
1409 2512 1594 2573 statuit,
1633 2530 1721 2576 per
1769 2514 1828 2563 C.

94 2601 134 2647 F
137 2600 564 2651 abricium—nam
582 2605 636 2652 L.
658 2612 760 2653 erat
777 2603 1279 2653 mortuus—insidias
1305 2602 1500 2651 Habito
1525 2619 1826 2666 comparare.

94 2690 211 2738 Erat
259 2689 344 2739 illo
387 2700 610 2755 tempore
658 2692 854 2741 infirma
901 2692 1186 2742 valetudine
1247 2691 1481 2741 Habitus.
1579 2694 1831 2743 Utebatur

92 2788 260 2828 autem
285 2779 483 2829 medico
510 2798 611 2830 non
638 2781 1217 2855 ign9‚l³„i„l.{z.3{q.fil³ssfitjff0
1242 2780 1459 2842 homine,
1480 2782 1797 2845 Cleophanto
1819 2803 1829 2832 :

93 2867 231 2917 cuius
251 2885 445 2919 servum
468 2869 746 2934 Diogenem
767 2870 1023 2921 Fabricius
1042 2873 1104 2920 ad
1126 2888 1374 2920 venenum
1396 2872 1590 2922 Habito
1607 2873 1827 2922 dandum
1851 2890 1916 2936 30

93 2973 180 3020 spe
201 2967 249 3007 et
267 2958 428 3021 pretio
453 2959 715 3010 sollicitare
741 2960 919 3024 coepit.
974 2963 1152 3010 Servus
1179 2977 1280 3010 non
1307 2960 1568 3011 incallidus
1593 2971 1656 3022 et,
1679 2971 1733 3011 ut
1750 2979 1826 3011 res

93 3044 200 3108 ipsa
223 3034 504 3108 declaravit,
526 3049 651 3112 frugi
679 3059 829 3113 atque
855 3051 1057 3113 integer,
1082 3066 1361 3099 sermonem
1389 3050 1601 3100 Fabricii
1625 3067 1728 3100 non
1754 3060 1828 3100 est

95 3145 416 3198 aspernatus:
465 3153 569 3186 rem
609 3139 673 3187 ad
707 3139 967 3187 dominum
1011 3140 1217 3188 detulit:
1270 3141 1613 3204 Cleophantus
1662 3150 1828 3190 autem

946 3243 973 3274 B
