2138 3406
569 634 639 681 M.
684 632 936 681 TULLII
980 631 1376 682 CICERONIS

294 800 476 852 PRO
542 800 612 852 A.
680 800 1198 853 CLUENTIO
1273 799 1656 852 HABITO

383 974 779 1042 ORATIO
863 974 1009 1040 AD
1099 919 1566 1043 IUDICES.

165 1204 203 1250 I.
248 1213 293 1254 1.
331 1203 686 1261 Animadverti,
732 1203 932 1262 iudices,
978 1218 1180 1250 omnem
1228 1204 1527 1250 accusatoris
1569 1204 1843 1251 orationem

96 1292 147 1339 in
173 1292 295 1340 duas
321 1293 528 1340 divisam
555 1307 662 1340 esse
704 1301 878 1354 partes,
908 1307 1116 1354 quarum
1152 1292 1305 1341 alter‘a‘
1327 1292 1447 1339 mihi
1474 1293 1562 1339 niti
1589 1301 1637 1340 et
1663 1308 1844 1354 magno

96 1387 245 1443 opere
270 1381 522 1429 confidere
541 1381 799 1429 videbatur
818 1382 1002 1430 invidia
1022 1382 1119 1429 iam
1140 1383 1407 1429 inveterata
1432 1382 1599 1430 iudicii
1628 1382 1840 1441 Iuniani,

97 1471 248 1518 altera
271 1478 462 1518 tantum
488 1470 641 1518 modo
676 1471 1049 1518 consuetudinis
1086 1487 1234 1518 causa
1267 1471 1442 1519 timide
1479 1479 1527 1519 et
1564 1471 1845 1519 diffidenter

98 1560 335 1621 attingere
360 1560 600 1607 rationem
626 1560 852 1608 veneficii
889 1561 1165 1619 criminum,
1194 1576 1293 1622 qua
1319 1561 1381 1609 de
1407 1575 1458 1609 re
1483 1561 1590 1622 lege
1616 1569 1689 1608 est
1719 1539 1843 1609 haec

98 1650 324 1711 quaestio
364 1650 645 1697 constituta.
736 1650 913 1711 Itaque
955 1649 1078 1696 mihi
1121 1659 1311 1697 certum
1354 1658 1427 1698 est
1464 1650 1593 1697 hanc
1630 1650 1842 1698 eandem

99 1738 493 1786 distributionem
532 1738 745 1786 invidiae
771 1747 819 1786 et
854 1739 1117 1785 criminum
1152 1739 1221 1786 sic
1247 1739 1295 1785 in
1322 1739 1612 1787 defensione
1638 1754 1840 1798 servare,

98 1836 150 1876 ut
167 1843 341 1876 omnes
362 1829 649 1890 intellegant
668 1828 789 1874 nihil
806 1843 886 1875 me
902 1843 995 1876 nec
1015 1828 1347 1890 subterfugere
1362 1827 1575 1876 voluisse
1591 1829 1845 1876 reticendo

99 1932 192 1965 nec
233 1917 495 1964 obscurare
543 1917 771 1965 dicendo.
868 1927 917 1970 2.
957 1917 1056 1965 Sed
1098 1933 1213 1964 cum
1256 1917 1518 1965 considero
1554 1932 1655 1980 quo
1691 1917 1844 1965 modo

99 2007 220 2055 mihi
257 2008 307 2055 in
344 2016 553 2069 utraque
588 2023 639 2055 re
676 2006 736 2054 sit
773 2008 1144 2067 elaborandum,
1184 2009 1334 2055 altera
1370 2024 1480 2069 pars
1522 2015 1570 2055 et
1607 2023 1677 2066 ea,
1718 2022 1845 2068 quae

0 2154 21 2163 J
99 2095 294 2159 propria
318 2105 391 2145 est
417 2097 583 2144 iudicii
608 2097 755 2144 vestri
793 2105 841 2144 et
877 2097 1125 2159 legitimae
1149 2097 1374 2144 veneficii
1411 2097 1726 2158 quaestionis,
1760 2111 1847 2159 per

101 2187 221 2234 mihi
241 2187 400 2235 brevis
420 2196 468 2235 et
487 2203 595 2235 non
615 2202 823 2250 magnae
848 2188 898 2234 in
924 2188 1140 2236 dicendo
1160 2188 1494 2235 contentionis
1514 2189 1617 2235 fore
1639 2188 1842 2247 videtur,

101 2277 250 2324 altera
290 2285 469 2336 autem,
515 2292 643 2339 quae
685 2276 856 2338 procul
893 2277 955 2324 ab
993 2277 1178 2324 iudicio
1215 2285 1404 2324 remota
1441 2285 1527 2336 est,
1568 2292 1697 2338 quae
1732 2292 1847 2324 con-

19 2366 23 2369 '
101 2365 318 2413 tionibus
343 2366 576 2414 seditiose
595 2367 852 2414 concitatis
871 2367 1294 2414 accommodatior
1313 2375 1386 2414 est
1406 2382 1554 2428 quam
1574 2367 1847 2428 tranquillis

103 2455 467 2516 moderatisque
491 2455 696 2514 iudiciis,
723 2456 967 2517 perspicio
987 2464 1229 2518 quantum
1255 2456 1305 2502 in
1330 2455 1525 2516 agendo
1550 2454 1848 2503 difficultatis

104 2551 152 2591 et
175 2552 415 2606 quantum
439 2544 620 2592 laboris
645 2545 706 2592 sit
730 2544 964 2592 habitura.
1039 2555 1084 2607 3.
1125 2545 1224 2592 Sed
1249 2545 1298 2590 in
1324 2544 1417 2591 hac
1456 2543 1743 2592 difficultate
1768 2544 1848 2591 illa

104 2647 184 2680 me
208 2647 284 2681 res
308 2641 488 2693 tamen,
517 2634 718 2693 iudices,
746 2634 1041 2692 consolatur,
1070 2634 1206 2695 quod
1232 2649 1319 2680 vos
1356 2633 1420 2680 de
1455 2633 1742 2680 criminibus
1779 2634 1848 2679 sic

103 2721 271 2770 audire
299 2723 593 2782 consuestis,
621 2731 675 2770 ut
711 2738 882 2770 eorum
919 2738 1120 2770 omnem
1158 2720 1534 2770 dissolutionem
1570 2722 1633 2769 ab
1659 2731 1850 2770 oratore

107 2811 362 2872 quaeratis,
391 2819 444 2858 ut
481 2827 582 2859 non
622 2812 909 2859 existimetis
947 2812 1058 2874 plus
1094 2827 1182 2858 vos
1221 2811 1285 2858 ad
1322 2811 1530 2858 salutem
1569 2826 1653 2858 reo
1691 2812 1848 2873 largiri

1876 2025 1934 2056 10

108 2907 345 2960 oportere,
380 2915 528 2961 quam
566 2908 807 2962 quantum
844 2901 1074 2949 defensor
1110 2900 1376 2962 purgandis
1412 2900 1699 2947 criminibus
1736 2916 1850 2947 con·
1877 2912 1938 2941 20

109 2988 246 3049 sequi
271 2996 320 3035 et
355 2987 570 3036 dicendo
605 2990 813 3051 probare
849 2991 1062 3052 potuerit
1087 3008 1096 3038 :
1133 2990 1196 3037 de
1222 2990 1406 3037 invidia
1438 2998 1604 3036 autem
1631 2988 1699 3036 sic
1726 2988 1851 3036 inter

110 3089 198 3122 vos
221 3075 495 3138 disceptare
531 3078 737 3138 debetis,
764 3086 818 3126 ut
854 3094 956 3127 non
993 3079 1116 3140 quid
1152 3078 1342 3125 dicatur
1365 3094 1394 3124 a
1418 3077 1576 3136 nobiS,
1605 3077 1693 3125 sed
1730 3078 1850 3138 quid

110 3173 331 3224 oporteat
380 3165 476 3212 dici
524 3166 857 3214 consideretis.
889 3184 933 3227 ²,ae
951 3165 1127 3228 Agitur
1161 3166 1306 3213 ‘enirn
1355 3164 1405 3212 in
1453 3165 1740 3213 criminibus
1789 3167 1846 3212 A.

966 3269 999 3300 A
