2106 3386
251 152 315 203 32
541 138 694 192 PRO
735 139 805 190 A.
849 139 1265 193 CLUENTIO
1308 140 1633 194 ORATIO.
1712 137 1889 211 [XXX.
1918 145 1986 194 82

247 277 511 328 criminum
559 288 609 328 et
657 279 967 329 atrocitatem
1015 280 1460 343 pertimescebam:
1519 280 1703 331 deinde
1752 283 1989 332 Fabriciis

246 371 449 432 propter
485 369 840 419 conscientiam
879 370 978 419 mei
1014 371 1213 420 sceleris
1250 372 1599 420 condemnatis
1636 388 1715 421 me
1741 388 1849 421 esse
1874 388 1990 422 con-

248 440 539 506 demnatum
565 460 874 508 sentiebam:
914 468 1170 522 postremo
1206 459 1257 507 in
1296 477 1412 509 eum
1438 476 1611 522 casum
1647 476 1896 521 veneram,
1935 470 1988 509 ut

247 545 410 595 omnis
446 563 669 596 mearum
707 549 1011 597 fortunarum
1049 557 1202 598 status
1238 550 1384 598 unius
1421 549 1593 598 iudicii
1628 548 1851 613 periculo
1874 566 1990 600 con-

195 651 220 699 5
249 635 515 685 tineretur.'

315 723 396 776 82.
435 727 557 788 Age,
598 726 838 788 quoniam
875 726 1226 789 corrumpendi
1263 725 1432 775 iudicii
1472 743 1644 776 causas
1693 728 1775 776 ille
1811 728 1989 777 multas

249 822 297 862 et
321 830 493 877 graves
519 814 706 874 habuit,
735 799 817 863 hic
842 817 1042 875 nullam,
1071 817 1315 878 profectio
1342 816 1496 879 ipsius
1532 818 1775 879 pecuniae
1812 818 1991 880 requir-

248 911 368 951 atur.
433 903 667 953 Confecit
686 905 880 952 tabulas
904 903 1279 967 diligentissime
1307 905 1584 955 Cluentius.
1651 907 1798 954 Haec
1823 915 1989 955 autem

248 1008 324 1039 res
366 992 517 1056 habet
559 992 656 1040 hoc
697 1002 848 1053 certe,
893 1003 947 1042 ut
995 994 1119 1042 nihil
1157 994 1316 1057 possit
1355 1011 1519 1058 neque
1560 994 1791 1044 additum
1827 1012 1992 1059 neque

165 1099 224 1130 10
249 1081 525 1129 detractum
564 1080 627 1130 de
663 1098 713 1130 re
751 1081 977 1131 familiari
1013 1085 1179 1132 latere.
1254 1085 1388 1132 Anni
1427 1093 1540 1132 sunt
1577 1093 1709 1144 octo,
1749 1100 1862 1134 curn
1899 1084 1992 1134 ista

248 1186 399 1218 causa
424 1171 474 1217 in
500 1168 594 1219 ista
630 1172 955 1221 meditatione
992 1181 1230 1232 versatur,
1259 1190 1374 1221 cum
1402 1174 1583 1232 omnia,
1613 1189 1742 1237 quae
1778 1174 1844 1223 ad
1880 1190 1991 1223 eam

249 1276 352 1308 rem
401 1258 664 1323 pertinent,
717 1269 766 1310 et
816 1278 875 1310 ex
914 1261 1059 1310 huius
1101 1271 1149 1311 et
1192 1279 1251 1311 ex
1294 1262 1503 1311 aliorum
1553 1261 1734 1311 tabulis
1781 1263 1990 1327 agitatis,

250 1350 482 1410 tractatis,
520 1348 798 1413 inquiritis:
835 1367 946 1399 cum
987 1352 1179 1400 interea
1215 1353 1545 1402 Cluentianae
1581 1353 1826 1415 pecuniae
1851 1352 1993 1402 vesti-

249 1437 382 1501 gium
423 1439 615 1486 nullum
659 1438 904 1488 invenitis.
981 1440 1134 1502 Quid,
1178 1440 1398 1489 Albiana
1445 1442 1660 1503 pecunia
1707 1440 1992 1504 vestigiisne

166 1544 222 1592 15
251 1526 396 1576 nobis
420 1528 680 1577 odoranda
704 1537 778 1577 est
804 1545 866 1577 an
893 1530 958 1578 ad
983 1529 1146 1593 ipsum
1172 1531 1335 1579 cubile
1361 1528 1503 1579 vobis
1539 1529 1789 1579 indicibus
1824 1533 1993 1580 venire

251 1619 557 1678 possumus?
616 1618 873 1666 Tenentur
898 1635 1000 1667 uno
1036 1617 1088 1666 in
1123 1620 1237 1667 loco
1267 1621 1355 1668 HS
1390 1627 1557 1670 Hcs—m:
1597 1628 1831 1669 tenentur
1858 1621 1993 1684 apud

251 1705 509 1755 hominem
534 1705 956 1756 audacissimum:
994 1716 1225 1757 tenentur
1249 1709 1385 1771 apud
1422 1708 1656 1758 iudicem.
1731 1708 1813 1773 83.
1854 1709 1992 1771 Quid

250 1794 396 1843 voltis
423 1794 674 1857 amplius?
733 1798 801 1844 At
828 1795 962 1844 enim
989 1795 1219 1846 Staienus
1245 1814 1348 1846 non
1367 1797 1458 1846 fuit
1484 1799 1548 1847 ab
1575 1797 1878 1862 Oppianico,
1905 1799 1994 1848 sed

250 1901 280 1931 a
328 1884 563 1934 Cluentio
612 1885 676 1933 ad
725 1886 964 1934 iudicium
1013 1887 1432 1950 corrumpendum
1481 1887 1794 1936 constitutus.
1893 1890 1995 1938 Cur

166 1993 227 2024 20
251 1989 381 2032 eum,
420 1989 536 2020 cum
574 1974 623 2021 in
660 1975 923 2023 consilium
960 1974 1122 2036 iretur,
1153 1976 1412 2026 Cluentius
1437 1986 1486 2026 et
1514 1975 1794 2027 Cannutius
1819 1977 1995 2027 abesse

250 2061 603 2126 patiebantur?
673 2079 760 2111 cur
808 2079 923 2112 cum
972 2066 1024 2112 in
1071 2064 1337 2113 consilium
1397 2064 1675 2126 mittebant,
1737 2067 1993 2115 Staienum

250 2151 468 2201 iudicem
493 2151 580 2216 qui
603 2153 869 2216 pecuniam
896 2154 1138 2203 dederant
1165 2170 1267 2204 non
1294 2155 1646 2218 requirebant?
1683 2154 1995 2218 Oppianicus

250 2243 578 2306 querebatur:
616 2241 882 2303 Quinctius
908 2243 1185 2306 flagitabat:
1224 2242 1332 2292 sine
1357 2243 1559 2293 Staieno
1583 2260 1647 2293 ne
1665 2243 1715 2292 in
1731 2244 1996 2294 consilium

253 2333 415 2393 iretur,
462 2332 726 2381 tribunicia
768 2342 1017 2396 potestate
1059 2334 1295 2383 effectum
1339 2343 1426 2383 est.
1518 2336 1586 2383 At
1623 2322 1992 2385 condemnavit.

169 2436 226 2486 25
255 2425 406 2471 Hanc
426 2423 558 2471 enim
574 2421 1053 2471 condemnationem
1073 2423 1281 2471 dederat
1297 2422 1525 2473 obsidem
1548 2425 1713 2474 Bulbo
1729 2434 1778 2474 et
1803 2424 1993 2485 ceteri5‚

252 2520 307 2561 ut
332 2510 597 2560 destitutus
635 2511 698 2559 ab
738 2510 1022 2575 Oppianico
1047 2511 1309 2561 videretur.
1386 2514 1556 2575 Quare
1581 2512 1630 2562 si
1664 2513 1809 2576 istinc
1846 2531 1998 2564 causa

253 2601 605 2663 corrumpendi
645 2599 829 2660 iudicii,
872 2600 912 2648 si
950 2599 1098 2649 istinc
1136 2601 1363 2664 pecunia,
1406 2601 1552 2650 istinc
1577 2601 1823 2664 Staienus,
1851 2603 1997 2653 istinc

255 2689 473 2754 denique
498 2691 662 2739 omnis
687 2692 818 2739 fraus
844 2699 894 2739 et
919 2691 1130 2740 audacia
1155 2702 1243 2757 est,
1271 2691 1387 2758 hinc
1411 2692 1590 2756 pudor,
1630 2693 1843 2743 honesta
1877 2692 1995 2756 vita,

255 2781 390 2829 nulla
437 2779 655 2843 suspicio
703 2779 962 2843 pecuniae,
1014 2782 1151 2829 nulla
1198 2781 1554 2844 corrumpendi
1610 2781 1783 2832 iudicii
1829 2798 1993 2844 causa,

167 2890 232 2938 30
254 2868 479 2933 patimini
505 2868 710 2918 veritate
735 2871 983 2933 patefacta
1007 2879 1158 2933 atque
1174 2869 1310 2919 omni
1327 2886 1488 2920 errore
1505 2872 1702 2922 sublato
1717 2888 1780 2922 eo
1795 2871 1997 2922 transire

255 2958 383 3007 illius
422 2958 743 3021 turpitudinis
784 2958 1054 3019 infamiam,
1097 2958 1184 3007 ubi
1222 2968 1386 3008 cetera
1423 2961 1668 3010 maleficia
1689 2960 1997 3012 consistunt:

255 3049 319 3098 ab
369 3064 430 3097 eo
478 3046 716 3119 invidiam
765 3049 1025 3099 discedere
1073 3050 1357 3113 aliquand0‚
1410 3051 1475 3099 ad
1523 3067 1675 3115 quem
1721 3066 1995 3115 numquam
2066 3099 2071 3108 ,Δ

255 3138 523 3186 accessisse
547 3138 746 3199 culpam
772 3138 968 3187 videtis.
