2106 3386
237 186 273 235 4
556 169 709 222 PRO
750 169 820 220 A.
862 167 1282 222 CLUENTIO
1324 167 1651 220 ORATIO.
1775 167 1878 236 [IV.
1913 182 1977 220 10

240 310 492 360 neminem
518 326 758 373 umquam
794 310 1066 359 maioribus
1103 310 1407 368 criminibus,
1435 309 1742 372 gravioribus
1769 309 1978 358 testibus

239 415 346 448 esse
371 400 422 446 in
449 399 685 447 iudicium
725 406 990 446 vocatum:
1033 399 1217 447 deinde
1243 413 1303 446 ea
1340 396 1403 446 de
1441 413 1502 446 eo
1535 398 1839 460 praeiudicia
1869 413 1980 447 esse

238 488 369 536 facta
410 488 474 536 ab
518 486 635 550 ipsis
675 485 939 546 iudicibus,
978 504 1007 534 a
1046 486 1227 549 quibus
1270 487 1633 535 condemnatus
1667 494 1754 547 est,
1783 494 1837 534 ut
1875 501 1978 535 non

240 577 395 624 modo
428 578 491 625 ab
524 576 699 636 isdem,
751 577 839 624 sed
883 592 945 624 ne
988 578 1050 624 ab
1093 577 1201 624 aliis
1244 575 1450 639 quidem
1494 574 1606 623 ullis
1643 575 1837 624 absolvi
1874 576 1978 624 ullo

188 679 214 729 5
240 666 394 714 modo
442 673 624 728 posset.
722 666 852 714 Cum
901 666 1024 713 haec
1073 666 1307 725 docuero,
1359 675 1462 713 tum
1518 665 1641 713 illud
1699 665 1976 726 ostendam,

239 755 377 817 quod
419 755 632 802 maxime
675 753 853 816 requiri
897 755 1144 817 intellego,
1191 753 1429 803 iudicium
1467 754 1589 803 illud
1624 753 1838 815 pecunia
1871 770 1978 803 esse

238 850 533 904 temptatum
560 858 662 890 non
688 858 718 890 a
745 841 996 902 Cluentio,
1031 844 1120 891 sed
1159 851 1332 891 contra
1369 842 1672 903 Cluentium,
1701 844 1979 906 faciamque

238 941 292 979 ut
330 932 622 993 intellegatis
652 932 702 978 in
747 941 851 980 tota
899 933 981 980 illa
1023 948 1171 981 causa
1212 933 1334 995 quid
1373 949 1450 981 res
1487 934 1592 996 ipsa
1634 934 1813 991 tulerit,
1857 931 1979 996 quid

239 1037 371 1069 error
395 1020 670 1081 adfinxerit,
700 1023 823 1083 quid
849 1022 1034 1070 invidia
1058 1022 1299 1070 conflarit.

156 1125 214 1154 10
309 1121 385 1162 10.
440 1111 661 1158 Primum
722 1111 865 1173 igitur
920 1110 1044 1159 illud
1101 1119 1190 1169 est,
1247 1127 1307 1159 ex
1360 1125 1462 1173 quo
1527 1113 1743 1174 intellegi
1805 1113 1977 1174 possit,

239 1199 471 1248 debuisse
514 1200 803 1249 Cluentium
858 1217 1043 1263 magno
1097 1216 1246 1263 opere
1294 1216 1474 1249 causae
1522 1197 1791 1261 confidere,
1841 1203 1979 1264 quod

238 1290 521 1337 certissimis
581 1291 870 1337 criminibus
918 1299 966 1338 et
1024 1290 1234 1338 testibus
1302 1291 1453 1338 fretus
1513 1291 1576 1338 ad
1639 1291 1978 1339 accusandum

239 1378 562 1426 descenderit.
664 1380 782 1426 Hoc
842 1380 955 1426 loco
1003 1379 1287 1426 faciendum
1339 1378 1473 1439 mihi,
1537 1379 1739 1439 iudices,
1790 1388 1878 1440 est,
1927 1388 1980 1428 ut

239 1468 380 1515 vobis
416 1466 628 1515 breviter
670 1469 764 1526 illa,
794 1469 975 1529 quibus
1017 1468 1194 1516 Albius
1238 1477 1311 1516 est
1353 1469 1735 1528 condemnatus,
1775 1458 1981 1518 crimina

156 1566 211 1615 15
239 1572 501 1619 exponam.
576 1557 683 1604 Abs
720 1565 769 1604 te
802 1565 934 1619 peto,
976 1558 1268 1619 Oppianice,
1303 1566 1356 1605 ut
1393 1573 1474 1606 me
1507 1559 1716 1606 invitum
1742 1559 1805 1607 de
1830 1559 1982 1620 patris

240 1647 307 1692 tui
367 1662 515 1693 causa
571 1644 737 1694 dicere
784 1647 1049 1706 existimes,
1108 1647 1386 1694 adductum
1447 1648 1546 1696 fide
1605 1656 1757 1710 atque
1817 1648 1981 1697 officio

240 1734 556 1783 defensionis.
650 1736 850 1783 Etenim
894 1736 982 1783 tibi
1026 1734 1064 1782 si
1109 1736 1159 1783 in
1202 1737 1481 1798 praesentia
1528 1738 1646 1785 satis
1682 1738 1842 1786 facere
1879 1753 1981 1786 non

238 1833 460 1886 potuero,
524 1834 691 1872 tamen
751 1826 936 1873 multae
995 1824 1115 1872 mihi
1176 1826 1240 1873 ad
1289 1827 1405 1874 satis
1453 1826 1740 1875 faciendum
1789 1827 1982 1889 reliquo

239 1923 462 1976 tempore
498 1914 757 1962 facultates
794 1915 1075 1962 dabuntur:
1116 1914 1354 1964 Cluentio
1392 1914 1443 1963 ni
1480 1932 1614 1964 nunc
1652 1916 1768 1965 satis
1795 1917 1977 1977 fecero,

155 2014 216 2045 2·
240 2010 416 2065 postea
443 2001 565 2049 mihi
603 2002 722 2050 satis
759 2002 977 2051 faciendi
1014 2012 1238 2066 potestas
1275 2019 1380 2052 non
1417 2004 1521 2054 erit.
1597 2004 1757 2054 Simul
1782 2014 1832 2054 et
1857 2005 1988 2055 illud·

241 2090 352 2153 quis
379 2100 453 2139 est
491 2091 577 2153 qui
611 2090 839 2140 dubitare
877 2092 1077 2151 debeat,
1119 2100 1294 2140 contra
1332 2092 1628 2142 damnatum
1653 2102 1704 2143 et
1728 2103 1982 2145 mortuum
2059 2071 2098 2122 .ss

243 2196 330 2242 pro
356 2179 597 2228 incolumi
641 2189 689 2228 et
725 2196 815 2242 pro
852 2179 966 2228 vivo
1003 2179 1212 2229 dicere?
1247 2197 1361 2228 cum
1388 2181 1473 2242 illi,
1511 2180 1563 2229 in
1600 2198 1750 2245 quem
1787 2181 1983 2243 dicitur,

243 2268 502 2318 damnatio
546 2285 698 2318 omne
731 2268 1038 2333 ignominiae
1069 2268 1349 2332 periculum
1389 2269 1488 2319 iarn
1531 2271 1805 2332 abstulerit,
1849 2287 1985 2322 mors

243 2375 358 2408 vero
386 2360 534 2408 etiam
573 2359 791 2408 doloris:
829 2359 911 2406 hic
937 2367 1120 2419 autem,
1149 2375 1240 2421 pro
1277 2375 1378 2422 quo
1421 2359 1651 2420 dicimus,
1679 2360 1802 2408 nihil
1827 2361 1985 2424 possit

159 2455 217 2503 25
243 2447 533 2497 offensionis
571 2447 800 2511 accipere
833 2447 940 2496 sine
965 2449 1286 2496 acerbissimo
1311 2448 1464 2496 animi
1501 2464 1650 2498 sensu
1674 2465 1733 2497 ac
1758 2449 1986 2499 molestia

243 2547 291 2585 et
335 2538 442 2586 sine
485 2553 682 2586 summo
723 2536 972 2586 dedecore
1010 2536 1142 2585 vitae
1179 2546 1228 2586 et
1265 2538 1585 2600 turpitudine.
1685 2549 1764 2591 11.
1815 2541 1986 2602 Atque

245 2635 299 2674 ut
333 2624 632 2687 intellegatis
663 2626 952 2675 Cluentium
990 2641 1092 2673 non
1128 2625 1440 2674 accusatorio
1469 2624 1653 2686 anim0‚
1682 2642 1784 2675 non
1823 2637 1986 2676 osten-

244 2717 431 2764 tatione
479 2716 645 2778 aliqua
693 2724 776 2763 aut
823 2716 979 2778 gloria
1027 2715 1327 2782 adductum,
1373 2716 1462 2764 sed
1522 2715 1722 2765 nefariis
1781 2717 1983 2776 iniuriis,

245 2803 511 2852 cotidianis
570 2803 778 2862 insidiis,
834 2803 1090 2867 proposito
1148 2813 1264 2853 ante
1323 2806 1498 2854 oculos
1558 2805 1688 2854 vitae
1746 2805 1984 2869 periculo,

158 2904 223 2950 30
250 2909 435 2942 nomen
496 2895 761 2956 Oppianici
822 2895 1076 2954 detulisse,
1133 2896 1283 2957 paulo
1343 2894 1539 2957 longius
1597 2897 1858 2945 exordium
1917 2896 1987 2944 rei

247 2985 670 3034 demonstrandae
719 2993 915 3047 petam:
969 2985 1104 3047 quod
1155 3000 1358 3048 quaeso,
1409 2986 1615 3045 iudices,
1665 3002 1727 3034 ne
1776 2986 1986 3035 moleste
2064 3052 2070 3058 k

246 3071 530 3136 patiamini:
587 3072 839 3137 principiis
888 3072 1022 3121 enim
1071 3074 1284 3136 cognitis
1332 3075 1494 3122 multo
1536 3074 1727 3124 facilius
1765 3082 1988 3125 extrema
2054 3077 2077 3138 jsss

246 3160 553 3225 intellegetis
2060 3146 2062 3149 ⁵
