2106 3386
222 163 293 227 46
470 162 623 215 PRO
665 163 733 214 A.
779 163 1195 216 CLUENTIO
1241 163 1564 217 ORATIO.
1633 165 1829 233 [XLIII.
1868 181 1960 218 121

225 305 544 366 Quapropter
582 302 634 351 in
683 302 918 352 omnibus
965 302 1175 367 legibus,
1227 303 1410 367 quibus
1458 313 1723 369 exceptum
1771 314 1860 367 est,
1902 307 1979 367 defl

224 394 408 456 quibus
434 392 596 442 causis
622 401 707 441 aut
734 391 1078 457 magistratum
1106 374 1287 456 capere
1312 409 1415 442 non
1442 393 1591 443 liceat
1627 403 1712 444 aut
1747 394 1966 445 iudicem

221 481 318 546 legi
343 491 429 532 aut
454 484 662 531 alterum
689 499 937 543 accusare,
965 483 1092 531 haee
1117 482 1420 553 ignominiae
1445 500 1598 541 causa
1622 484 1967 548 praetermissa

222 581 308 622 est.
382 572 599 622 Timoris
636 574 771 621 enim
807 588 1025 632 causam,
1052 589 1156 622 non
1181 573 1311 622 vitae
1347 589 1564 636 poenam
1600 575 1652 634 in
1687 573 1771 641 illa
1806 583 1968 639 potes-

170 677 194 727 5
220 671 322 712 tate
347 679 456 713 esse
480 664 755 712 voluerunt.
847 674 956 714 121.
999 665 1178 727 Itaque
1203 679 1308 713 non
1335 664 1499 712 solum
1524 664 1647 713 illud
1683 666 1963 726 ostendam,

221 753 361 817 quod
402 751 502 801 iam
542 751 739 812 videtiS,
780 753 954 815 populi
995 752 1219 802 Romani
1271 753 1510 816 suffragiis
1559 769 1708 818 saepe
1755 770 1967 804 numero

221 841 473 892 censorias
521 843 910 905 subscriptiones
954 858 1064 891 esse
1101 844 1337 903 sublatas,
1376 859 1549 891 verum
1586 844 1737 892 etiam
1773 843 1966 892 iudiciis

222 948 410 991 eorum,
438 933 524 994 qui
551 930 693 979 iurati
731 939 947 980 statuere
972 931 1160 980 maiore
1197 949 1312 980 eum
1349 931 1589 996 religione
1625 941 1675 982 et
1712 932 1968 997 diligentia

222 1023 517 1071 debuerunt.
592 1022 814 1093 Primum
863 1020 1071 1081 iudiceS,
1111 1030 1363 1070 senatores
1414 1021 1710 1086 equitesque
1746 1022 1967 1072 Romani

139 1128 197 1158 10
221 1111 272 1159 in
297 1111 640 1174 compluribus
666 1109 765 1158 iam
791 1109 900 1170 reis,
928 1126 1056 1173 quos
1081 1119 1255 1159 contra
1279 1112 1415 1175 leges
1440 1113 1678 1175 pecunias
1714 1112 1988 1176 accepisse}

222 1198 559 1262 subscriptum
585 1207 672 1258 est,
702 1215 821 1247 suae
840 1199 1005 1262 potius
1031 1199 1255 1262 religioni
1273 1216 1423 1263 quam
1451 1217 1715 1250 censorum
1741 1200 1966 1265 opinioni

221 1298 501 1354 paruerunt.
581 1288 781 1363 Deinde
807 1298 1060 1352 praetores
1097 1291 1288 1350 urbani,
1317 1290 1402 1353 qui
1439 1289 1583 1339 iurati
1619 1291 1807 1340 debent
1844 1290 1969 1355 opti-

221 1401 359 1433 mum
385 1399 635 1446 quemque
674 1382 725 1430 in
751 1383 908 1431 lectos
934 1382 1126 1432 iudices
1151 1384 1346 1443 referre,
1369 1384 1463 1432 sibi
1488 1399 1748 1447 nunquam
1772 1383 1837 1432 ad
1855 1399 1966 1433 eam

219 1491 326 1524 rem
362 1474 641 1523 censoriam
666 1471 995 1535 ignominiam
1032 1473 1397 1535 impedimento
1435 1489 1543 1522 esse
1579 1481 1810 1535 oportere
1846 1473 1967 1522 dux-

139 1572 193 1620 15
221 1572 376 1613 erunt.
455 1573 563 1614 122.
606 1563 859 1613 Censores
885 1561 1104 1630 denique
1130 1561 1224 1625 ipsi
1250 1578 1399 1626 saepe
1421 1578 1631 1612 numero
1656 1561 1965 1626 superiorum

220 1669 486 1702 censorum
512 1651 720 1712 iudiciis,
741 1652 779 1699 si
799 1651 892 1700 ista
910 1651 1094 1700 iudicia
1118 1652 1369 1714 appellare
1394 1651 1556 1713 voltis,
1578 1667 1682 1701 non
1707 1660 1962 1701 steterunt.

221 1746 388 1806 Atque
415 1741 565 1790 etiam
590 1741 685 1804 ipsi
711 1740 839 1789 inter
864 1756 917 1789 se
942 1756 1172 1809 censores
1209 1757 1298 1789 sua
1333 1740 1517 1790 iudicia
1540 1742 1665 1803 tanti
1701 1757 1810 1791 esse
1844 1740 1967 1790 arbi-

221 1841 424 1891 trantur,
453 1840 506 1880 ut
548 1832 671 1879 alter
696 1829 896 1879 alterius
922 1830 1164 1879 iudicium
1190 1846 1292 1879 non
1319 1831 1474 1879 modo
1499 1831 1852 1894 reprehendat,
1878 1832 1966 1880 sed

222 1921 374 1971 etiam
399 1920 650 1969 rescindat
671 1939 680 1968 ε
717 1928 771 1968 ut
798 1921 922 1968 alter
947 1919 1011 1968 de
1037 1928 1213 1968 senatu
1239 1935 1440 1969 movere
1460 1921 1591 1980 velit,
1610 1921 1734 1969 alter
1757 1917 1967 1969 retineat
1993 1985 1996 1987 μ

135 2021 198 2052 20
221 2020 270 2061 et
305 2011 480 2060 ordine
513 2008 825 2073 amplissimo
859 2008 1066 2072 dignum
1098 2008 1375 2058 existimet:
1414 2018 1470 2058 ut
1506 2011 1628 2059 alter
1663 2008 1716 2057 in
1751 2010 1967 2071 aerarios

221 2102 400 2150 referre
426 2108 509 2148 aut
533 2098 666 2148 tribu
691 2114 892 2148 movere
917 2097 1102 2157 iubeat,
1131 2099 1255 2147 alter
1279 2107 1426 2147 vetet.
1519 2100 1689 2161 Quare
1715 2097 1799 2161 qui
1823 2098 1966 2148 vobis

222 2193 272 2239 in
292 2198 515 2239 mentem
530 2189 667 2238 venit
692 2189 818 2237 haec
837 2188 1090 2251 appellare
1109 2187 1309 2249 iudicia,
1327 2204 1454 2250 quae
1469 2205 1498 2237 a
1517 2189 1707 2251 populo
1733 2186 1963 2248 rescindi,

221 2281 284 2328 ab
311 2279 480 2327 iuratis
507 2277 754 2326 iudicibus
791 2277 1054 2340 repudiari,
1083 2293 1112 2325 a
1147 2277 1515 2341 magistratibus
1552 2278 1761 2342 neglegi,
1788 2278 1853 2326 ab
1878 2277 1964 2337 eis,

221 2370 306 2432 qui
332 2368 547 2417 eandem
572 2374 876 2430 potestatem
903 2364 1075 2429 adepti
1100 2375 1227 2426 sunt,
1256 2367 1568 2426 commutari,
1596 2367 1723 2416 inter
1747 2367 1965 2430 collegas

137 2464 193 2514 25
221 2460 503 2522 discrepare
529 2456 776 2507 videatis?

287 2549 475 2597 XLIV.
518 2557 630 2611 123.
671 2548 814 2609 Quae
863 2562 979 2594 cum
1026 2544 1094 2594 ita
1137 2544 1249 2606 sint,
1294 2545 1553 2595 videamus
1595 2544 1719 2609 quid
1761 2545 1965 2595 tandem

222 2653 453 2686 censores
491 2635 553 2685 de
589 2635 677 2684 illo
713 2634 900 2684 iudicio
925 2643 1160 2699 corrupto
1185 2634 1431 2684 iudicasse
1454 2634 1696 2684 dicantur.
1772 2637 1850 2683 Ac
1873 2634 1966 2699 pri-

221 2742 360 2774 mum
409 2724 531 2772 illud
581 2733 870 2784 statuamus,
923 2733 1090 2773 utrum
1138 2723 1256 2787 quia
1303 2739 1535 2773 censores
1584 2721 1965 2788 subscripserint

220 2816 289 2865 ita
332 2814 409 2876 sit,
459 2831 537 2875 an,
578 2813 694 2878 quia
729 2815 798 2864 ita
834 2814 995 2877 fuerit,
1033 2813 1103 2862 illi
1141 2812 1535 2877 subscripserint.
1610 2813 1662 2862 Si
1698 2811 1818 2877 quia
1853 2813 1966 2862 sub-

132 2913 195 2959 30
221 2902 521 2968 scripserint,
560 2903 729 2953 videte
766 2903 888 2967 quid
913 2903 1084 2968 agatis,
1112 2919 1175 2952 ne
1201 2902 1251 2950 in
1278 2919 1433 2951 unum
1460 2918 1713 2966 quemque
1738 2909 1961 2951 nostrum

218 2993 508 3043 censoribus
556 2992 607 3040 in
649 3002 904 3056 posterum
951 3000 1256 3056 potestatem
1299 2991 1484 3061 regiam
1531 2989 1861 3055 permjttatis:
1896 3006 1962 3039 ne

219 3081 516 3146 subscriptio
553 3081 779 3131 censoria
813 3099 919 3131 non
955 3081 1120 3130 minus
1155 3080 1451 3130 calamitatis
1487 3079 1680 3130 civibus
1705 3095 1856 3144 quam
1879 3078 1964 3128 illa

219 3170 539 3221 acerbissima
574 3170 875 3235 proscriptio
912 3171 1071 3235 possit
1106 3171 1329 3220 adferre:
1366 3186 1431 3219 ne
1467 3169 1750 3219 censorium
1775 3167 1960 3229 stilum,
