2106 3386
147 128 374 195 V11.2o]
467 128 620 181 PRO
662 128 730 179 A.
773 125 1192 180 CLUENTIO
1235 124 1561 178 ORA‘TIO.
1857 135 1888 189 7

148 272 259 332 lego
284 285 387 318 non
412 269 568 317 modo
594 266 799 317 reticere
824 267 1054 315 homines
1079 273 1344 328 parentum
1371 263 1585 323 iniurias,
1615 265 1705 312 sed
1740 264 1891 312 etiam

149 360 317 408 animo
341 375 504 422 aequo
527 358 654 406 ferre
680 364 922 419 oportere.
998 355 1100 403 Sed
1137 369 1230 416 ego
1267 369 1339 412 ea,
1369 369 1497 415 quae
1533 349 1644 400 ferri
1668 360 1889 414 possunt,

146 449 364 509 ferenda,
393 464 522 511 quae
559 444 725 506 taceri,
752 445 966 493 tacenda
991 459 1100 492 esse
1124 442 1363 505 arbitror„
1424 439 1499 492 18.
1542 439 1682 488 Nihil
1707 439 1757 487 in
1794 439 1894 488 vita

145 535 268 584 vidit
294 533 591 584 calamitatis
618 535 675 582 A.
707 530 986 591 Cluentius,
1014 531 1205 579 nullum
1232 529 1519 594 ‘periculum
1557 528 1730 578 mortis
1756 527 1890 588 adiit,

145 624 270 672 nihil
296 625 412 672 mali
437 623 616 683 timuit,
646 621 782 685 quod
819 637 922 670 non
948 630 1108 670 totum
1132 637 1162 669 a
1187 628 1344 669 matre
1371 628 1500 668 esset
1536 619 1810 677 conflatum
1846 627 1895 667 et

147 715 439 777 profectum.
515 714 660 774 Quae
702 713 800 761 hoc
843 711 1273 773 temporexsileret
1317 710 1502 769 omnia,
1545 717 1697 772 atque
1735 724 1809 767 ea,
1855 709 1895 756 si

146 801 402 852 oblivione
463 817 566 850 non
614 808 798 863 posset,
848 807 1015 848 tamen
1072 797 1409 847 taciturnitate
1458 814 1547 846 sua
1595 805 1727 846 tecta
1789 812 1895 844 esse

147 895 398 954 pateretur
422 910 431 939 :
459 890 545 939 sed
573 906 690 938 vero
716 888 785 938 sic
810 888 985 952 agitur,
1013 897 1067 936 ut
1106 905 1304 952 prorsus
1341 886 1536 936 reticeri
1570 888 1709 935 nullo
1742 886 1897 934 modo

148 981 317 1044 possit.
412 981 531 1028 Hoc
579 977 711 1028 enim
761 978 922 1042 ipsum
999 976 1253 1039 iudicium,
1312 978 1409 1026 hoc
1457 975 1746 1039 periculum,
1815 975 1898 1024 illa

146 1068 417 1131 accusatio,
459 1067 624 1118 omnis
667 1067 867 1116 testium
904 1067 1065 1130 copia,
1106 1083 1234 1130 quae
1260 1068 1421 1115 futura
1446 1075 1533 1126 est,
1562 1083 1591 1114 a
1616 1074 1773 1114 matre
1811 1063 1898 1126 ini-

147 1158 218 1207 tio
243 1167 317 1207 est
341 1159 596 1218 adornata,
624 1175 653 1206 a
678 1166 833 1206 matre
858 1158 957 1206 hoc
981 1167 1205 1221 tempore
1221 1156 1475 1206 instruitur
1493 1165 1646 1219 atque
1667 1154 1898 1205 omnibus

148 1247 253 1297 eius
277 1249 456 1311 opibus
482 1256 532 1297 et
555 1246 714 1310 copiis
739 1256 1066 1310 comparatur.
1142 1249 1262 1310 Ipsa
1286 1246 1504 1310 denique
1530 1262 1689 1310 nuper
1714 1244 1897 1294 Larino

147 1338 293 1385 huius
318 1335 635 1400 opprimendi
659 1353 809 1385 causa
834 1335 1052 1385 Romam
1079 1334 1330 1385 advolavit
1351 1355 1360 1385 :
1397 1344 1594 1398 praesto
1621 1344 1695 1384 est
1721 1333 1898 1383 mulier

147 1427 325 1487 audax,
374 1425 662 1489 pecuniosa,
727 1415 972 1475 crudelis:
1032 1424 1245 1493 instituit
1300 1433 1633 1482 accusatoreS‚
1701 1422 1898 1472 instruit

146 1524 312 1577 testes,
354 1516 583 1578 squalore
626 1513 768 1563 huius
808 1523 858 1563 et
898 1513 1128 1575 sordibus
1166 1515 1389 1575 laetatur,
1432 1513 1638 1563 exitium
1677 1522 1894 1578 exoptat,

149 1605 441 1670 sanguinem
490 1621 633 1654 suum
669 1605 970 1668 profundere
1008 1620 1211 1653 omnem
1249 1605 1398 1668 cupit,
1440 1604 1560 1653 dum
1598 1605 1754 1653 modo
1789 1620 1898 1667 pro-

147 1696 310 1744 fusum
347 1694 491 1743 huius
528 1703 642 1743 ante
678 1693 859 1743 videat.
935 1693 1077 1742 Haec
1120 1692 1215 1742 nisi
1251 1693 1419 1742 omnia
1461 1693 1805 1757 perspexeritis
1845 1692 1896 1741 in

149 1801 313 1844 causa,
342 1792 528 1833 temere
554 1801 583 1832 a
622 1783 769 1832 nobis
795 1782 929 1832 illam
972 1783 1211 1847 appellari
1251 1791 1510 1852 putatote:
1554 1784 1630 1831 sin
1668 1792 1811 1832 erunt
1849 1791 1897 1832 et

149 1883 321 1937 aperta
363 1882 412 1923 et
451 1872 652 1933 nefaria,
695 1872 931 1923 Cluentio
957 1871 1214 1936 ignoscere
1239 1871 1503 1932 debebitis,
1532 1871 1669 1935 quod
1707 1873 1833 1921 haec
1868 1888 1899 1920 a

147 1979 228 2012 me
255 1961 357 2011 dici
381 1961 594 2025 patiatur
617 1982 626 2011 ε
664 1961 786 2010 mihi
810 1962 1067 2025 ignoscere
1092 1977 1195 2010 non
1221 1961 1484 2021 deberetis,
1509 1963 1548 2010 si
1574 1970 1802 2010 tacerem.

217 2054 335 2101 VII.
378 2063 454 2117 19.
497 2053 648 2099 Nunc
684 2050 782 2099 iam
809 2050 1092 2100 summatim
1118 2067 1366 2115 exponam
1393 2050 1571 2113 quibus
1608 2051 1896 2101 criminibus

151 2139 457 2205 Oppianicus
505 2141 772 2190 damnatus
820 2140 896 2200 sit,
941 2150 994 2190 ut
1036 2150 1086 2190 et
1127 2140 1461 2190 constantiam
1504 2143 1562 2190 A.
1606 2140 1807 2191 Cluenti
1848 2151 1897 2191 et

149 2231 393 2280 rationem
420 2230 751 2279 accusationis
776 2231 1056 2293 perspicere
1093 2229 1306 2293 possitis.
1395 2232 1472 2278 Ac
1507 2228 1722 2293 primum
1748 2245 1898 2278 causa

148 2319 421 2370 accusandi
445 2337 574 2384 quae
600 2320 744 2370 fuerit
768 2321 1046 2380 ostendam,
1074 2330 1128 2369 ut
1153 2320 1204 2370 id
1231 2320 1395 2384 ipsum
1431 2322 1491 2369 A.
1533 2319 1823 2370 Cluentium
1848 2322 1896 2368 vi

148 2426 208 2460 ac
243 2410 540 2460 necessitate
571 2419 805 2460 coactum
831 2410 1008 2459 fecisse
1033 2404 1258 2460 videatis.
1349 2420 1428 2461 20.
1470 2411 1602 2459 Cum
1629 2409 1895 2459 manifesto

149 2515 397 2549 venenum
446 2499 872 2563 deprehendisset,
923 2500 1061 2562 quod
1108 2499 1180 2548 vir
1241 2498 1411 2547 matris
1477 2497 1788 2562 Oppianicus
1850 2498 1895 2549 ei

149 2589 432 2651 paravisset,
483 2597 534 2638 et
579 2567 657 2638 res
706 2605 809 2638 non
858 2588 1163 2648 coniectura,
1214 2589 1303 2638 sed
1353 2589 1511 2636 oculis
1558 2604 1618 2636 ac
1665 2587 1895 2638 manibus

149 2686 408 2737 teneretur,
438 2694 602 2741 neque
627 2678 678 2726 in
703 2694 852 2727 causa
875 2679 978 2727 ulla
1001 2677 1250 2727 dubitatio
1276 2686 1446 2741 posset
1482 2693 1604 2738 esse,
1642 2678 1910 2728 accusavit>

153 2765 524 2829 Oppianicum:
583 2784 733 2831 quam
783 2777 1071 2817 constanter
1119 2777 1169 2816 et
1216 2783 1363 2830 quam
1415 2766 1676 2831 diligenter
1722 2777 1896 2832 postea

153 2853 348 2904 dicam:
384 2871 518 2904 nunc
542 2840 639 2905 hoc
665 2856 789 2906 scire
815 2874 902 2906 vos
928 2856 1077 2915 volui,
1106 2857 1291 2924 nullam
1318 2855 1435 2904 huic
1454 2856 1603 2904 aliam
1624 2856 1896 2906 accusandi

148 2961 350 2994 causam
399 2945 568 3005 fuisse,
608 2946 703 2996 nisi
744 2948 813 2996 uti
852 2946 1166 3010 propositum
1205 2947 1336 2995 vitae
1373 2947 1649 3009 periculum
1687 2956 1736 2996 et
1773 2948 1919 2997 coti--

154 3035 328 3084 dianas
365 3034 542 3098 capitis
578 3036 783 3086 insidias
832 3039 926 3086 hac
973 3054 1074 3085 una
1121 3035 1312 3085 ratione
1361 3037 1580 3086 evitaret.
1654 3041 1821 3100 Atque
1846 3046 1899 3086 ut

154 3123 455 3188 intellegatis
505 3124 577 3173 eis
625 3135 913 3176 accusatum
956 3143 1066 3176 esse
1109 3125 1399 3175 criminibus
1449 3126 1802 3190 Oppianicum,
1848 3136 1900 3175 ut

1928 1085 1986 1115 10

1924 1979 1986 2010 20

1922 2870 1984 2917 30
