2106 3386
154 156 320 198 xxm.
350 146 442 214 72]
505 147 658 200 PRo
698 147 767 199 A.
810 147 1226 201 CLUENTlo
1268 149 1593 207 ORATIO.
1675 181 1677 184 ι
1819 163 1887 217 27

152 302 260 335 esse
286 285 556 335 neminem.
631 295 711 351 70.
754 289 932 350 Itaque
957 304 1062 337 rem
1090 289 1337 352 excogitat
1363 289 1673 352 singularem.
1719 293 1887 353 Atque

151 376 289 435 haee,
318 375 522 435 iudices,
551 392 680 439 quae
704 393 819 426 vera
856 378 1091 425 dicuntur
1113 394 1142 426 a
1177 378 1337 438 nobis,
1364 378 1556 427 facilius
1592 379 1819 438 credetis,
1848 380 1887 427 si

149 480 265 512 cum
290 464 466 513 animis
492 466 665 514 vestris
690 468 842 530 longo
867 466 1128 516 intervallo
1153 468 1402 516 recordari
1440 470 1498 518 C.
1525 469 1711 517 Staieni
1735 468 1885 517 vitam

150 566 198 603 et
223 564 448 603 naturam
475 555 737 605 volueritis.
803 558 933 604 Nam
959 557 1168 619 perinde
1188 567 1241 606 ut
1267 558 1438 621 opinio
1465 568 1538 606 est
1557 559 1622 607 de
1646 559 1888 621 cuiusque

149 644 388 705 moribus,
418 644 486 693 ita
512 645 633 708 quid
655 647 716 695 ab
743 662 804 695 6ο
830 647 1015 694 factum
1036 656 1121 695 aut
1159 663 1259 695 non
1296 649 1484 696 factum
1525 648 1585 697 sit
1621 647 1888 697 existimari
1949 661 1973 710 5

149 743 328 797 potest.
346 734 395 807 ᾗ

216 825 411 871 XXVI.
450 824 580 873 Cum
606 833 735 872 esset
761 840 926 887 egens,
948 833 1284 887 sumptuosus,
1302 826 1477 886 audax,
1503 827 1729 887 callidus,
1751 828 1890 890 perfi-

148 913 332 972 diosuS,
371 921 420 961 et
457 928 572 960 cum
609 913 747 960 domi
784 929 901 962 suae
938 912 1222 963 miserrimis
1259 916 1310 962 in
1346 915 1468 964 locis
1506 924 1555 964 et
1591 915 1890 965 inanissimis

101 1024 104 1027 >
147 1010 338 1051 tantum
377 1018 696 1050 nummorum
733 1001 952 1064 positum
978 1005 1181 1063 videret,
1208 1004 1271 1053 ad
1312 1021 1515 1054 omnem
1559 1005 1799 1068 maliti-am
1840 1015 1889 1054 et

148 1092 370 1140 fraudem
397 1107 590 1140 versare
616 1108 757 1139 suam
783 1100 1003 1142 mentem
1042 1094 1209 1156 coepit
1235 1113 1244 1142 :
1286 1097 1297 1119 ‘
1316 1111 1410 1157 ego
1446 1095 1562 1143 dem
1599 1094 1890 1143 iudicibus?
1920 1109 1977 1140 10

149 1180 268 1240 mihi
294 1180 385 1243 ipsi
412 1180 775 1250 igitur-praeter
789 1180 1065 1244 periculum
1093 1190 1141 1231 et
1166 1182 1419 1231 infamiam
1447 1183 1568 1246 quid
1586 1186 1890 1246 quaeretur?

149 1270 287 1319 Nihil
313 1270 592 1333 excogitem
620 1286 773 1333 quam
810 1272 875 1319 ob
901 1287 1005 1320 rem
1050 1272 1387 1335 Oppianicum
1426 1273 1647 1321 damnari
1684 1289 1890 1322 necesse

150 1359 251 1408 sit?
288 1359 425 1421 Quid
463 1357 862 1408 tandem—nihil
899 1361 1033 1408 enim
1065 1370 1139 1409 est
1166 1362 1304 1424 quod
1340 1378 1443 1410 non
1480 1361 1585 1411 fieri
1622 1362 1889 1424 possit—si

150 1451 270 1512 quis,
286 1466 399 1499 eum
424 1450 551 1498 forte
576 1466 719 1517 casus
758 1466 817 1498 ex
841 1451 1062 1512 periculo
1098 1450 1345 1514 eripuerit,
1372 1467 1542 1501 nonne
1567 1452 1889 1501 reddundum

151 1541 261 1587 est?
323 1538 737 1601 Praecipitantem
783 1538 928 1601 igitur
967 1537 1308 1602 impellamus‚’
1328 1539 1503 1602 inquit,
1536 1543 1604 1588 ‘et
1640 1540 1890 1603 perditum
1921 1552 1975 1601 15

151 1630 550 1692 prosternamus.'
619 1635 699 1692 71.
741 1628 889 1691 Capit
925 1629 1023 1676 hoc
1060 1628 1268 1688 consilii,
1297 1638 1350 1677 ut
1387 1629 1649 1692 pecuniam
1688 1629 1893 1692 quibus—

151 1718 266 1766 dam
290 1707 536 1766 iudicibus
562 1716 821 1766 levissimis
863 1717 1169 1780 polliceatur,
1198 1717 1383 1766 deinde
1418 1734 1528 1766 eam
1566 1727 1742 1781 postea
1784 1735 1893 1782 sup-

151 1806 361 1870 primat:
416 1815 485 1867 ut,
541 1807 776 1869 quoniam
838 1823 1018 1878 graves
1070 1806 1299 1858 homines
1361 1824 1450 1855 sua
1498 1816 1676 1870 sponte
1725 1824 1892 1858 severe

151 1879 708 1959 iudicaturos'putabat,
737 1913 837 1956 eos,
866 1896 951 1958 qui
977 1895 1185 1945 leviores
1210 1905 1364 1958 erant,
1393 1896 1717 1964 destitutione
1742 1896 1892 1960 iratos

63 1983 70 1989 ’
152 1985 436 2050 Oppianico
453 1987 695 2035 redderet.
751 1989 943 2048 Itaque,
966 1995 1020 2033 ut
1039 1994 1141 2034 erat
1158 2002 1353 2048 semper
1371 1995 1716 2049 praeposterus
1742 1995 1891 2049 atque
1920 2000 1980 2031 20

151 2091 421 2137 perversus,
449 2075 647 2124 initium
686 2075 802 2123 facit
827 2091 856 2122 a
895 2076 1073 2134 Bulbo,
1102 2083 1150 2122 et
1177 2091 1306 2135 eum,
1335 2076 1474 2137 quod
1511 2074 1609 2123 iam
1648 2075 1735 2124 diu
1771 2075 1893 2123 nihil

152 2164 441 2227 quaesierat,
470 2164 657 2213 tristem
697 2174 849 2227 atque
886 2151 1182 2212 oscitantem
1218 2164 1391 2213 leviter
1427 2164 1650 2227 impellit.
1728 2165 1893 2227 ‘Quid

152 2252 271 2302 tu?'
296 2254 470 2316 inquit,
499 2254 711 2317 ‘ecquid
737 2270 817 2303 me
842 2254 1062 2313 adiuvaS,
1093 2254 1267 2313 Bulbe,
1295 2270 1358 2303 ne
1382 2253 1531 2317 gratis
1557 2254 1625 2303 rei
1663 2254 1893 2317 publicae

153 2343 421 2392 serviamus
441 2347 463 2393 ?
482 2346 492 2366 ’
532 2345 624 2392 Ille
650 2360 783 2403 vero,
814 2343 959 2392 simul
996 2352 1146 2406 atque
1171 2345 1269 2392 hoc
1295 2343 1484 2392 audivit
1508 2363 1517 2392 :
1557 2347 1647 2392 ‘ne
1684 2343 1832 2406 gratis
1854 2346 1893 2392 ἐ

157 2435 168 2457 ‘
187 2448 286 2495 quo
302 2431 469 2492 voles,'
493 2432 672 2495 inquit,
701 2436 712 2458 ‘
731 2448 939 2495 sequar:
966 2434 1054 2481 sed
1081 2432 1202 2494 quid
1229 2433 1392 2480 adfers
1411 2435 1432 2481 ?
1451 2434 1461 2454 ²
1513 2434 1643 2479 Tum
1670 2432 1715 2480 ei
1742 2432 1895 2494 quad·
1920 2446 1944 2476 2
1954 2442 1978 2491 5

153 2521 342 2584 raginta
365 2521 513 2580 milia,
543 2521 583 2570 si
599 2530 730 2570 esset
754 2522 1014 2570 absolutus
1041 2520 1367 2584 Oppianicus,
1397 2521 1674 2583 pollicetur,
1693 2530 1742 2569 et
1762 2524 1891 2580 eum,

155 2604 215 2658 ut„
249 2619 441 2680 ceteros
467 2612 696 2674 appellet,
727 2609 1023 2673 quibuscum
1064 2610 1203 2674 loqui
1229 2618 1534 2670 consuesset,
1563 2618 1716 2672 rogat,
1744 2618 1894 2672 atque

154 2699 302 2748 etiam
328 2699 434 2763 ipse
460 2701 691 2749 conditor
715 2702 866 2749 totius
892 2701 1079 2763 negotii
1107 2701 1310 2749 Guttam
1338 2702 1553 2763 aspergit
1572 2699 1687 2748 huic
1714 2702 1890 2749 Bulbo.

154 2795 234 2851 72.
275 2790 452 2850 Itaque
492 2788 698 2854 minime
735 2806 930 2838 amarus
970 2789 1040 2838 eis
1062 2790 1196 2838 visus
1230 2798 1318 2849 est,
1348 2790 1433 2851 qui
1469 2789 1658 2851 aliquid
1696 2806 1754 2838 ex
1791 2791 1894 2839 eius

156 2893 383 2926 sermone
405 2879 633 2940 speculae
653 2879 984 2942 degustarant.
1037 2881 1185 2928 Unus
1205 2887 1252 2926 et
1273 2880 1394 2926 alter
1411 2878 1518 2927 dies
1539 2878 1892 2937 intercesserat,
1921 2885 1990 2934 30'

112 3031 113 3036 1
157 2982 268 3016 cum
294 2982 371 3014 res
396 2982 567 3033 parum
592 2975 727 3022 certa
746 2950 1039 3016 videbatur:
1066 2975 1317 3029 sequester
1342 2976 1390 3023 et
1407 2968 1726 3031 confirmator
1744 2983 1897 3030 pecu-

157 3054 270 3103 niae
295 3053 681 3104 desiderabatur.
754 3058 885 3104 Tum
911 3058 1131 3119 appellat
1160 3056 1318 3104 hilaro
1334 3057 1473 3105 vultu
1499 3056 1755 3105 hominem
1785 3058 1897 3104 Bul-

158 3144 266 3203 bus,
294 3152 346 3190 ut
372 3143 697 3194 blandissime
724 3154 888 3209 potest
910 3165 917 3193 :
958 3150 970 3174 ‘
989 3145 1107 3208 quid
1134 3143 1220 3204 tu,'
1254 3144 1429 3207 inquit,
1478 3149 1488 3170 ‘
1512 3148 1661 3193 Paete
1681 3147 1702 3193 ?
1719 3146 1896 3193 '——hoc
