2106 3386
261 190 327 227 22
587 175 741 228 PRO
785 176 851 227 A.
896 174 1314 229 CLUENTIO
1357 173 1681 227 ORATIO.
1749 174 1900 242 [XXI.
1932 176 1996 240 58

259 333 489 380 quaeque
515 333 664 366 causa
684 315 976 365 difficillima
995 325 1084 375 est,
1108 315 1178 364 ita
1197 315 1493 364 deterrimus
1513 314 1997 379 obscurissimusque

259 416 497 470 patronus
530 406 827 456 adhibetur:
865 405 959 455 nisi
995 407 1121 455 forte
1157 406 1255 454 hoc
1291 421 1473 454 causae
1511 413 1598 465 est,
1638 405 1778 468 quod
1813 403 1997 455 medici
2011 414 2021 458 2¹:

258 495 381 544 nihil
401 504 593 559 praeter
618 495 895 555 artificium,
925 504 1147 544 oratores
1185 494 1335 543 etiarn
1363 492 1711 542 auctoritatem
1747 475 2019 571 praestare{

260 587 460 635 debent.
517 583 598 650 58.
630 583 824 634 Citatur
848 600 974 643 reus,
999 581 1177 649 [agitur
1193 582 1386 648 causa:]
1409 581 1580 646 paucis
1599 582 1761 632 verbis
1780 591 1996 643 accusat,

207 687 232 736 5
260 686 312 724 ut
337 676 402 724 de
426 690 478 724 re
514 675 750 735 iudicata,
782 672 1061 723 Cannutius
1083 692 1092 721 :
1129 671 1313 735 incipit.
1330 673 1481 735 longo
1507 680 1557 720 et
1582 672 1681 721 alte
1705 671 1864 736 petito
1889 687 1998 735 pro-

260 764 426 814 oemio
445 763 746 827 respondere
766 762 924 810 maior
945 761 1231 825 Caepasius,
1285 761 1453 810 Primo
1473 769 1661 810 attente
1677 761 1875 810 auditur
1893 760 1999 810 eius

261 853 421 903 oratio
439 871 453 914 3
478 853 699 916 erigebat
724 851 946 899 animum
968 851 1067 899 iam
1088 851 1361 900 demissum
1382 860 1430 899 et
1450 866 1742 914 oppressum
1763 849 2002 914 Oppiani·
2062 886 2066 889 -

260 960 348 991 cus
366 963 379 1005 3
404 943 652 1006 gaudebat
669 943 775 1005 ipse
796 940 1080 990 Fabricius:
1107 957 1209 989 non
1230 940 1549 1004 intellegebat
1567 941 1760 989 animos
1777 939 1999 989 iudicum

261 1049 361 1082 non
387 1031 518 1081 illius
544 1031 846 1094 eloquentia,
874 1032 964 1080 sed
1002 1030 1305 1080 defensionis
1336 1029 1646 1094 impudentia
1678 1031 1995 1079 commoveri.

178 1139 235 1170 10
262 1126 441 1172 Postea
466 1139 618 1185 quam
645 1121 708 1170 de
733 1137 785 1170 re
810 1123 977 1185 coepit
1014 1120 1196 1180 dicere,
1225 1121 1289 1169 ad
1316 1136 1388 1180 ea,
1417 1136 1546 1183 quae
1571 1128 1710 1169 erant
1746 1119 1796 1168 in
1833 1135 1999 1179 causa,

258 1213 477 1261 addebat
525 1211 673 1261 etiam
710 1210 817 1274 ipse
865 1224 997 1260 nova
1044 1211 1294 1274 quaedam
1346 1199 1569 1272 vulnera,
1605 1218 1660 1258 ut
1695 1225 1999 1273 quamquam

258 1301 433 1350 sedulo
462 1300 690 1361 faciebat,
720 1310 886 1349 tamen
915 1300 1165 1350 interdum
1204 1317 1305 1349 non
1334 1299 1623 1359 defendere,
1648 1301 1739 1348 sed
1763 1299 2003 1363 praevari-

258 1392 358 1439 cari
384 1390 691 1440 accusationi
728 1391 994 1440 videretur.
1069 1393 1247 1453 Itaque
1273 1407 1387 1438 cum
1413 1389 1732 1439 callidissime
1757 1405 1812 1438 se
1836 1387 2002 1439 dicere

259 1489 456 1544 putaret
493 1489 541 1529 et
578 1496 692 1528 cum
727 1480 810 1528 illa
835 1482 987 1529 verba
1019 1480 1308 1544 gravissima
1347 1497 1407 1528 ex
1448 1477 1627 1528 intimo
1670 1478 1878 1528 artificio
1921 1479 2003 1528 de-

177 1582 231 1631 15
260 1569 616 1633 prompsisset:
669 1569 1022 1633 ‘Respicite,
1072 1569 1319 1630 iudiceS,
1373 1570 1674 1618 hominum
1723 1569 2000 1628 fortunas,

260 1658 543 1722 respicite
641 1658 857 1708 dubios
928 1658 1243 1722 variosque
1315 1674 1502 1719 casus,
1575 1657 1858 1722 respicite
1940 1659 1996 1708 C.

261 1747 495 1796 Fabrici
556 1750 980 1797 senectutem':
1042 1764 1156 1796 cum
1214 1749 1313 1797 hoc
1365 1746 1700 1811 ‘respicite'
1748 1747 2003 1814 ornandae

259 1836 498 1884 orationis
524 1852 675 1885 causa
700 1853 850 1900 saepe
876 1836 1095 1898 dixisset,
1122 1836 1337 1900 respexit
1374 1836 1493 1900 ipse.
1568 1839 1635 1885 At
1661 1837 1718 1887 C.
1747 1835 2005 1885 Fabricius

258 1942 287 1974 a
335 1925 582 1974 subselliis
631 1926 851 1975 demisso
899 1927 1063 1990 capite
1111 1927 1421 1976 discesserat.
1527 1934 1609 1991 59.
1662 1925 1764 1974 Ηί6
1811 1924 2004 1975 iudices

175 2029 236 2060 20
259 2015 434 2075 ridere,
474 2017 774 2064 stomachari
810 2025 964 2079 atque
1000 2019 1178 2087 acerbe
1217 2019 1344 2066 ferre
1380 2025 1633 2080 patronus,
1672 2032 1873 2065 causam
1911 2009 2004 2065 sibi
2090 2075 2103 2079 7

259 2104 381 2168 eripi
431 2114 479 2154 et
523 2122 574 2154 se
622 2114 788 2154 cetera
836 2106 900 2155 de
943 2105 1028 2154 illo
1072 2108 1186 2156 loco
1237 2106 1560 2169 Respicite,
1604 2104 1849 2166 iudices,
1899 2121 2002 2155 non
2070 2089 2098 2177 7 ·

260 2210 408 2257 posse
457 2193 653 2243 dicere:
690 2211 785 2243 nec
828 2194 1099 2258 quicquam
1141 2197 1344 2258 propius
1384 2205 1459 2244 est
1502 2197 1704 2256 factum,
1755 2210 1904 2258 quarn
1949 2203 2004 2244 ut
2096 2258 2100 2263 7

260 2282 398 2354 illurn
437 2292 815 2346 persequeretur
852 2293 900 2332 et
937 2286 1070 2333 collo
1119 2286 1318 2334 obtorto
1354 2286 1420 2333 ad
1457 2285 1694 2341 subsellia
1729 2284 2006 2344 reduceret,
2081 2271 2097 2305 's

261 2381 315 2420 ut
350 2371 542 2436 reliqua.
576 2383 744 2436 posset
782 2390 1022 2436 perorare.
1101 2377 1179 2422 Ita
1216 2383 1321 2422 turn
1360 2371 1868 2436 Fabricius'primum
1911 2374 2034 2422 suo*
2088 2372 2098 2424 ἶ

176 2471 232 2520 25
261 2461 462 2522 iudicio,
491 2463 628 2525 quod
664 2464 743 2511 ‘est
781 2462 1140 2526 gravissimum,
1169 2462 1356 2512 deinde
1399 2462 1521 2526 legis
1563 2461 1610 2511 vi
1653 2460 1703 2511 e't
1745 2461 2005 2527 sententiis
2081 2450 2091 2526 f

259 2550 480 2599 iudicum
507 2560 582 2600 est
606 2552 986 2601 condemnatus.
1685 2555 1687 2558 ’
2034 2617 2037 2620 7
2065 2605 2071 2614 1

329 2641 501 2688 XXII.
542 2640 676 2702 Quid
715 2650 790 2689 est
833 2643 971 2704 quod
1014 2642 1111 2689 iam
1161 2641 1226 2689 de
1270 2639 1542 2704 Oppianici
1589 2654 1804 2703 persona
1835 2654 2005 2688 causa·
2064 2629 2072 2688 Ῐ

262 2745 358 2792 que
395 2731 538 2792 plura
575 2730 836 2780 dicamus?
906 2732 1058 2794 Apud
1096 2732 1301 2780 eosdem
1339 2730 1532 2780 iudices
1569 2746 1680 2779 reus
1717 2739 1792 2779 est
1827 2731 2002 2789 factus,

261 2835 374 2866 611111
414 2818 489 2867 his
529 2818 725 2867 duobus
752 2819 1069 2883 praeiudiciis
1106 2820 1204 2868 iam
1244 2821 1510 2869 damnatus
1547 2828 1705 2869 esset:
1743 2819 1807 2868 ab
1841 2817 2000 2868 isdem

174 2919 238 2965 30
263 2917 427 2956 autern
466 2906 727 2968 iudicibus,
767 2909 853 2971 qui
891 2908 1230 2958 Fabriciorum
1269 2908 1592 2958 damnatione
1628 2909 1693 2958 de
1719 2907 2004 2972 Oppianico

264 2996 554 3057 iudicarant,
595 2998 734 3045 locus
779 2998 823 3046 ei
871 3001 1058 3061 primus
1106 3008 1180 3047 est
1229 2998 1559 3047 constitutus:
1620 3005 1881 3046 accusatus
1929 3003 2003 3067 est

264 3085 553 3135 criminibus
588 3086 888 3150 gravissimis
912 3098 960 3137 et
999 3089 1083 3148 εἰς,
1123 3104 1253 3151 quae
1289 3103 1319 3135 a
1354 3103 1434 3137 me
1460 3086 1676 3136 breviter
1701 3086 1837 3135 dicta
1873 3093 2001 3147 sunt,
2038 3087 2070 3155 χ

265 3183 313 3222 et
339 3182 594 3237 praeterea
619 3174 802 3235 multis,
822 3193 948 3239 quae
974 3192 1067 3239 ego
1102 3176 1272 3224 omnia
1296 3173 1474 3242 [nunc]
1501 3174 1709 3225 omitto:
1746 3180 2005 3223 accusatus
