2106 3386
270 121 339 174 50
514 110 666 163 PRO
709 111 780 163 A.
826 111 1246 165 CLUENTIO
1290 112 1617 166 ORATIO.
1659 113 1872 181 [XLVII.
1909 127 2002 179 131

262 250 357 298 hac
383 266 585 318 quoque
611 251 973 314 subscriptione
998 260 1172 301 notare
1197 254 1479 312 voluerunt,
1508 261 1558 301 et
1582 269 1643 302 eo
1669 254 1840 316 magis,
1870 253 2006 316 quod

261 340 347 389 illo
383 341 492 404 ipso
528 349 754 404 tempore
790 341 885 389 illis
921 343 1213 391 censoribus
1250 351 1390 391 erant
1427 342 1612 391 iudicia
1646 359 1762 391 cum
1789 344 2008 406 equestri

259 429 435 479 ordine
482 431 870 491 communicata,
919 439 974 479 ut
1020 431 1308 480 viderentur
1355 446 1445 494 per
1487 429 1752 480 hominum
1799 432 2006 482 idoneo·
2094 483 2102 489 ,

259 534 365 567 rum
413 518 739 583 ignominiam
788 536 879 569 sua
922 522 1219 570 auctoritate
1257 522 1341 568 illa
1376 521 1562 569 iudicia
1609 520 2002 584 reprehendisse.

205 624 229 673 5
260 620 371 673 131.
414 610 570 671 Quod
608 611 647 659 si
684 610 814 658 hanc
851 611 987 673 apud
1033 612 1241 659 eosdem
1290 611 1427 673 ipsos
1475 626 1711 659 censores
1747 611 1871 659 mihi
1919 621 2006 660 aut

255 699 338 746 alii
362 714 565 747 causam
602 715 750 762 agere
775 700 1009 760 licuisset,
1044 699 1333 748 hominibus
1371 700 1457 748 tali
1482 700 1747 762 prudentia
1765 701 2003 763 praeditis

254 797 388 836 certe
438 789 807 852 probavissem:
858 805 934 838 res
986 790 1121 839 enim
1172 789 1361 838 indicat
1410 789 1535 837 nihil
1585 790 1721 852 ipsos
1771 789 2004 839 habuisse

254 877 455 940 cogniti,
496 878 618 926 nihil
653 879 934 941 comperti:
973 895 1033 928 ex
1070 887 1178 928 tota
1214 879 1309 927 ista
1346 878 1713 942 subscriptione
1750 894 2001 928 rumorem

254 966 510 1030 quendam
554 975 605 1016 et
640 969 872 1031 plausum
921 970 1215 1031 popularem
1253 984 1363 1017 esse
1400 969 1695 1031 quaesitum.
1771 969 1907 1018 Nam
1949 970 2000 1017 in

169 1070 228 1105 10
254 1059 306 1106 P.
358 1059 625 1122 Popilium,
666 1059 751 1121 qui
789 1059 1131 1122 Oppianicum
1174 1058 1549 1120 condemnarat,
1601 1060 1894 1123 subscripsit
1941 1061 1995 1108 L.

252 1148 457 1209 Gellius,
485 1148 645 1211 quod
671 1149 717 1197 is
751 1149 1065 1211 pecuniam
1089 1149 1441 1211 accepisset,
1471 1165 1585 1211 quo
1615 1149 1997 1198 innocentem

250 1238 689 1287 condemnaret.
766 1240 878 1286 Iam
903 1237 955 1286 id
980 1238 1148 1301 ipsum
1174 1246 1392 1301 quantae
1419 1238 1742 1287 divinationis
1767 1239 1997 1288 estvscire

249 1328 571 1377 innocentem
609 1328 759 1376 fuisse
807 1343 960 1387 reum,
1012 1331 1165 1390 qu'em
1211 1328 1420 1376 fortasse
1467 1343 1744 1391 numquam
1792 1328 1997 1388 viderat,

166 1518 220 1567 15
249 1508 332 1570 qui
360 1507 775 1566 condemnarunt,
802 1521 954 1555 causa
977 1507 1178 1570 cognita
1204 1507 1298 1554 sibi
1324 1507 1555 1555 dixerunt
1579 1521 1683 1555 non
1709 1507 1898 1570 liquere
1921 1508 1930 1554 !

319 1608 427 1662 132.
469 1598 658 1645 Verum
694 1605 834 1645 esto:
884 1595 1191 1644 condemnat
1240 1594 1490 1659 Popilium
1539 1595 1768 1645 Gellius:
1811 1597 1998 1646 iudicat

249 1687 504 1750 accepisse
530 1702 559 1734 a
585 1685 822 1737 Cluentio
848 1686 1129 1749 pecuniam.
1206 1687 1371 1748 Negat
1396 1684 1493 1734 hoc
1521 1686 1779 1734 Lentulus,
1857 1687 1992 1735 Nam

248 1775 514 1840 Popilium,
582 1777 720 1839 quod
769 1784 872 1825 erat
915 1776 1132 1824 libertini
1171 1776 1314 1836 filius,
1354 1776 1405 1822 in
1449 1783 1680 1824 senatum
1714 1791 1822 1825 non
1856 1776 1994 1839 legit,

246 1867 414 1915 locum
453 1865 659 1933 quidem
708 1865 1013 1913 senatorium
1040 1863 1172 1911 ludis
1199 1871 1248 1912 et
1284 1871 1450 1911 cetera
1474 1871 1771 1913 ornamenta
1795 1864 1996 1927 reliquit

162 1968 223 2000 20
248 1963 298 2004 et
334 1972 450 2005 eum
498 1955 637 2004 omni
679 1953 957 2017 ignominia
998 1953 1192 2002 liberat.
1268 1953 1424 2014 Quod
1476 1969 1594 2000 cum
1629 1953 1764 2013 facit,
1803 1941 1998 2004 iudica't

247 2047 357 2095 eius
381 2045 629 2094 sententia
677 2044 827 2107 gratis
877 2058 985 2091 esse
1036 2043 1374 2105 Oppianicum
1422 2041 1869 2091 condemnatum„
1929 2044 1996 2092 Et

247 2135 466 2184 eundem
516 2132 768 2197 Popilium
816 2140 995 2195 postea
1043 2133 1286 2180 Lentulus
1334 2130 1385 2179 in
1423 2130 1642 2181 ambitus
1677 2130 1870 2181 iudicio
1905 2148 1996 2196 pro

246 2222 536 2273 testimonio
586 2219 964 2285 diligentissime
1012 2221 1196 2270 laudat.
1272 2222 1440 2283 Quare
1488 2220 1531 2269 si
1565 2236 1732 2284 neque
1768 2222 1825 2270 L.
1865 2221 1998 2272 Gelli

246 2312 435 2362 iudicio
472 2311 606 2362 stetit
643 2311 888 2360 Lentulus
916 2325 1082 2373 neque
1108 2308 1310 2359 Lentuli
1335 2308 1704 2360 existimatione
1728 2318 1996 2360 contentus

162 2413 219 2463 ²5
246 2401 337 2450 fuit
375 2400 581 2460 GelliuS,
623 2409 672 2449 et
710 2399 751 2449 si
786 2408 995 2462 uterque
1031 2414 1211 2448 censor
1236 2398 1460 2447 censoris
1486 2398 1728 2463 opinione
1753 2400 1993 2449 standum

247 2507 352 2540 non
387 2489 594 2555 putavit,
633 2488 755 2552 quid
793 2497 867 2538 est
902 2503 1055 2551 quam
1093 2488 1160 2537 ob
1195 2503 1300 2537 rem
1337 2487 1604 2551 quisquam
1629 2497 1856 2538 nostrum
1880 2505 1994 2540 cen-

248 2579 403 2630 sorias
429 2578 821 2643 subscriptiones
848 2594 1023 2628 omnes
1059 2578 1181 2626 fixas
1220 2586 1268 2626 et
1294 2576 1346 2625 in
1371 2586 1671 2641 perpetuum
1697 2586 1827 2628 ratas
1851 2587 1994 2643 putet

247 2686 358 2720 esse
382 2679 613 2733 oportere
629 2672 652 2718 ?
1973 2654 1976 2657 ³

314 2760 561 2808 XLVIII.
607 2769 715 2823 133.
780 2760 848 2806 At
895 2755 948 2805 in
995 2755 1159 2820 ipsum
1210 2755 1457 2805 Habitum
1516 2757 1993 2807 animadverterunt.

159 2864 223 2911 30
248 2850 454 2899 Nullam
479 2847 686 2912 quidem
722 2848 789 2896 ob
814 2845 1189 2910 turpitudinem,
1217 2846 1408 2893 nullum
1443 2846 1511 2895 ob
1547 2845 1700 2896 totius
1724 2846 1855 2896 vitae
1889 2861 1993 2896 non
2039 2878 2043 2884 ,

246 2940 412 2990 dicam
435 2938 627 2998 vitium,
656 2937 746 2987 sed
771 2946 1002 3004 erratum.
1061 2937 1243 2999 Neque
1268 2934 1404 2985 enim
1420 2935 1518 2984 hoc
1543 2935 1753 2987 homine
1776 2934 1995 2986 sanctior

247 3045 411 3093 neque
436 3027 639 3093 probior
664 3043 827 3090 neque
851 3025 903 3075 in
929 3024 1163 3075 omnibus
1199 3023 1374 3074 officiis
1399 3024 1673 3075 retinendis
1708 3023 1994 3089 diligentior

248 3135 356 3169 esse
399 3117 665 3181 quisquam
702 3124 897 3178 potest:
938 3129 1102 3177 neque
1140 3113 1211 3162 illi
1247 3113 1388 3164 aliter
1424 3112 1613 3174 dicunt,
1652 3115 1749 3181 sed·
1778 3112 1988 3163 eandem
