<?xml version="1.0" encoding="UTF-8"?>
<!DOCTYPE html PUBLIC "-//W3C//DTD XHTML 1.0 Transitional//EN"
    "http://www.w3.org/TR/xhtml1/DTD/xhtml1-transitional.dtd">
<html xmlns="http://www.w3.org/1999/xhtml" xml:lang="en" lang="en">
 <head>
  <title>
</title>
<meta http-equiv="Content-Type" content="text/html;charset=utf-8" />
  <meta name='ocr-system' content='tesseract 3.04.00' />
  <meta name='ocr-capabilities' content='ocr_page ocr_carea ocr_par ocr_line ocrx_word'/>
</head>
<body>
  <div class='ocr_page' id='page_1' title='image "1887proacluentioo00cice_0089.png"; bbox 0 0 2106 3386; ppageno 0'>
   <div class='ocr_carea' id='block_1_1' title="bbox 166 137 1898 209">
    <p class='ocr_par' dir='ltr' id='par_1_1' title="bbox 166 137 1898 209">
     <span class='ocr_line' id='line_1_1' title="bbox 166 137 1898 209; baseline -0.003 -16"><span class='ocrx_word' id='word_1_1' title='bbox 166 153 333 193; x_wconf 88' lang='lat' dir='ltr'><strong>XXIV.</strong></span> <span class='ocrx_word' id='word_1_2' title='bbox 362 141 455 209; x_wconf 84' lang='lat'>67]</span> <span class='ocrx_word' id='word_1_3' title='bbox 521 139 673 192; x_wconf 90' lang='lat' dir='ltr'>PRO</span> <span class='ocrx_word' id='word_1_4' title='bbox 715 139 782 190; x_wconf 87' lang='lat' dir='ltr'>A.</span> <span class='ocrx_word' id='word_1_5' title='bbox 827 137 1244 191; x_wconf 87' lang='lat' dir='ltr'>CLUENTIO</span> <span class='ocrx_word' id='word_1_6' title='bbox 1287 137 1612 189; x_wconf 86' lang='lat' dir='ltr'><strong>ORATIO.</strong></span> <span class='ocrx_word' id='word_1_7' title='bbox 1836 148 1898 202; x_wconf 87' lang='lat'>25</span> 
     </span>
    </p>
   </div>
   <div class='ocr_carea' id='block_1_2' title="bbox 114 276 1915 2855">
    <p class='ocr_par' dir='ltr' id='par_1_2' title="bbox 162 276 1907 524">
     <span class='ocr_line' id='line_1_2' title="bbox 165 276 1904 344; baseline -0.003 -14"><span class='ocrx_word' id='word_1_8' title='bbox 165 284 349 344; x_wconf 84' lang='lat' dir='ltr'><strong>Quare,</strong></span> <span class='ocrx_word' id='word_1_9' title='bbox 388 282 480 330; x_wconf 88' lang='lat' dir='ltr'>etsi</span> <span class='ocrx_word' id='word_1_10' title='bbox 522 280 639 329; x_wconf 91' lang='lat' dir='ltr'>satis</span> <span class='ocrx_word' id='word_1_11' title='bbox 677 279 828 339; x_wconf 86' lang='lat' dir='ltr'>docui</span> <span class='ocrx_word' id='word_1_12' title='bbox 868 277 1112 331; x_wconf 84' lang='lat' dir='ltr'>rationem</span> <span class='ocrx_word' id='word_1_13' title='bbox 1156 278 1347 326; x_wconf 90' lang='lat' dir='ltr'>nullam</span> <span class='ocrx_word' id='word_1_14' title='bbox 1396 277 1513 325; x_wconf 92' lang='lat' dir='ltr'>huic</span> <span class='ocrx_word' id='word_1_15' title='bbox 1550 276 1904 340; x_wconf 87' lang='lat' dir='ltr'>corrumpendi</span> 
     </span>
     <span class='ocr_line' id='line_1_3' title="bbox 162 366 1907 431; baseline -0.003 -12"><span class='ocrx_word' id='word_1_16' title='bbox 162 370 334 419; x_wconf 91' lang='lat' dir='ltr'>iudicii</span> <span class='ocrx_word' id='word_1_17' title='bbox 376 370 542 430; x_wconf 92' lang='lat' dir='ltr'>fuisse,</span> <span class='ocrx_word' id='word_1_18' title='bbox 594 386 653 418; x_wconf 88' lang='lat' dir='ltr'>ex</span> <span class='ocrx_word' id='word_1_19' title='bbox 703 384 805 431; x_wconf 92' lang='lat' dir='ltr'>quo</span> <span class='ocrx_word' id='word_1_20' title='bbox 852 367 1150 430; x_wconf 90' lang='lat' dir='ltr'>intellegitur</span> <span class='ocrx_word' id='word_1_21' title='bbox 1198 369 1260 415; x_wconf 90' lang='lat' dir='ltr'>ab</span> <span class='ocrx_word' id='word_1_22' title='bbox 1305 366 1592 430; x_wconf 86' lang='lat' dir='ltr'>Oppianico</span> <span class='ocrx_word' id='word_1_23' title='bbox 1640 382 1749 416; x_wconf 91' lang='lat' dir='ltr'>esse</span> <span class='ocrx_word' id='word_1_24' title='bbox 1797 382 1907 415; x_wconf 89' lang='lat' dir='ltr'>cor-</span> 
     </span>
     <span class='ocr_line' id='line_1_4' title="bbox 162 456 1525 524; baseline -0.004 -14"><span class='ocrx_word' id='word_1_25' title='bbox 162 469 377 524; x_wconf 90' lang='lat' dir='ltr'>ruptum,</span> <span class='ocrx_word' id='word_1_26' title='bbox 405 469 573 508; x_wconf 90' lang='lat' dir='ltr'>tamen</span> <span class='ocrx_word' id='word_1_27' title='bbox 600 460 663 508; x_wconf 91' lang='lat' dir='ltr'>de</span> <span class='ocrx_word' id='word_1_28' title='bbox 688 458 773 507; x_wconf 93' lang='lat' dir='ltr'>illo</span> <span class='ocrx_word' id='word_1_29' title='bbox 799 460 907 521; x_wconf 92' lang='lat' dir='ltr'>ipso</span> <span class='ocrx_word' id='word_1_30' title='bbox 933 456 1197 520; x_wconf 89' lang='lat' dir='ltr'>separatim</span> <span class='ocrx_word' id='word_1_31' title='bbox 1222 458 1525 520; x_wconf 85' lang='lat' dir='ltr'><strong>cognoscite.</strong></span> 
     </span>
    </p>

    <p class='ocr_par' dir='ltr' id='par_1_3' title="bbox 163 546 1909 1326">
     <span class='ocr_line' id='line_1_5' title="bbox 253 546 1906 615; baseline -0.002 -17"><span class='ocrx_word' id='word_1_32' title='bbox 253 550 441 598; x_wconf 89' lang='lat' dir='ltr'>XXIV.</span> <span class='ocrx_word' id='word_1_33' title='bbox 508 551 672 610; x_wconf 88' lang='lat' dir='ltr'><strong>Atque</strong></span> <span class='ocrx_word' id='word_1_34' title='bbox 719 563 813 611; x_wconf 94' lang='lat' dir='ltr'>ego</span> <span class='ocrx_word' id='word_1_35' title='bbox 861 547 944 594; x_wconf 92' lang='lat' dir='ltr'>illa</span> <span class='ocrx_word' id='word_1_36' title='bbox 990 562 1092 594; x_wconf 91' lang='lat' dir='ltr'>non</span> <span class='ocrx_word' id='word_1_37' title='bbox 1141 546 1537 615; x_wconf 71' lang='lat' dir='ltr'>argumentabor,</span> <span class='ocrx_word' id='word_1_38' title='bbox 1601 561 1729 608; x_wconf 92' lang='lat' dir='ltr'>quae</span> <span class='ocrx_word' id='word_1_39' title='bbox 1790 554 1906 594; x_wconf 92' lang='lat' dir='ltr'>sunt</span> 
     </span>
     <span class='ocr_line' id='line_1_6' title="bbox 164 634 1905 703; baseline -0.002 -17"><span class='ocrx_word' id='word_1_40' title='bbox 164 639 327 703; x_wconf 88' lang='lat' dir='ltr'>gravia</span> <span class='ocrx_word' id='word_1_41' title='bbox 372 639 721 693; x_wconf 84' lang='lat' dir='ltr'>vehementer:</span> <span class='ocrx_word' id='word_1_42' title='bbox 760 653 873 685; x_wconf 91' lang='lat' dir='ltr'>eum</span> <span class='ocrx_word' id='word_1_43' title='bbox 915 635 1209 699; x_wconf 86' lang='lat' dir='ltr'><strong>corrupisse,</strong></span> <span class='ocrx_word' id='word_1_44' title='bbox 1252 635 1337 698; x_wconf 92' lang='lat' dir='ltr'>qui</span> <span class='ocrx_word' id='word_1_45' title='bbox 1381 635 1431 683; x_wconf 92' lang='lat' dir='ltr'>in</span> <span class='ocrx_word' id='word_1_46' title='bbox 1470 635 1694 698; x_wconf 91' lang='lat' dir='ltr'>periculo</span> <span class='ocrx_word' id='word_1_47' title='bbox 1729 634 1905 683; x_wconf 89' lang='lat' dir='ltr'>fuerit:</span> 
     </span>
     <span class='ocr_line' id='line_1_7' title="bbox 164 724 1905 791; baseline -0.003 -14"><span class='ocrx_word' id='word_1_48' title='bbox 164 745 292 789; x_wconf 90' lang='lat' dir='ltr'>eum,</span> <span class='ocrx_word' id='word_1_49' title='bbox 320 727 406 791; x_wconf 90' lang='lat' dir='ltr'>qui</span> <span class='ocrx_word' id='word_1_50' title='bbox 436 726 693 776; x_wconf 89' lang='lat' dir='ltr'>metuerit:</span> <span class='ocrx_word' id='word_1_51' title='bbox 731 743 860 788; x_wconf 89' lang='lat' dir='ltr'>eum,</span> <span class='ocrx_word' id='word_1_52' title='bbox 890 727 974 789; x_wconf 91' lang='lat' dir='ltr'>qui</span> <span class='ocrx_word' id='word_1_53' title='bbox 1001 741 1141 788; x_wconf 90' lang='lat' dir='ltr'>spem</span> <span class='ocrx_word' id='word_1_54' title='bbox 1179 725 1349 773; x_wconf 90' lang='lat' dir='ltr'>salutis</span> <span class='ocrx_word' id='word_1_55' title='bbox 1376 724 1427 772; x_wconf 92' lang='lat' dir='ltr'>in</span> <span class='ocrx_word' id='word_1_56' title='bbox 1453 726 1548 773; x_wconf 88' lang='lat' dir='ltr'>alia</span> <span class='ocrx_word' id='word_1_57' title='bbox 1574 724 1766 773; x_wconf 90' lang='lat' dir='ltr'>ratione</span> <span class='ocrx_word' id='word_1_58' title='bbox 1803 739 1905 772; x_wconf 89' lang='lat' dir='ltr'>non</span> 
     </span>
     <span class='ocr_line' id='line_1_8' title="bbox 164 814 1905 880; baseline -0.003 -14"><span class='ocrx_word' id='word_1_59' title='bbox 164 817 417 867; x_wconf 86' lang='lat' dir='ltr'>habuerit:</span> <span class='ocrx_word' id='word_1_60' title='bbox 456 834 583 877; x_wconf 90' lang='lat' dir='ltr'>eum,</span> <span class='ocrx_word' id='word_1_61' title='bbox 620 819 705 880; x_wconf 91' lang='lat' dir='ltr'>qui</span> <span class='ocrx_word' id='word_1_62' title='bbox 739 832 935 879; x_wconf 86' lang='lat' dir='ltr'><strong>semper</strong></span> <span class='ocrx_word' id='word_1_63' title='bbox 978 814 1212 878; x_wconf 85' lang='lat' dir='ltr'>singulari</span> <span class='ocrx_word' id='word_1_64' title='bbox 1249 814 1392 863; x_wconf 92' lang='lat' dir='ltr'>fuerit</span> <span class='ocrx_word' id='word_1_65' title='bbox 1428 814 1651 863; x_wconf 88' lang='lat' dir='ltr'>audacia.</span> <span class='ocrx_word' id='word_1_66' title='bbox 1743 814 1905 862; x_wconf 90' lang='lat' dir='ltr'>Multa</span> 
     </span>
     <span class='ocr_line' id='line_1_9' title="bbox 163 902 1905 963; baseline -0.003 -7"><span class='ocrx_word' id='word_1_67' title='bbox 163 916 279 957; x_wconf 91' lang='lat' dir='ltr'>sunt</span> <span class='ocrx_word' id='word_1_68' title='bbox 319 906 425 956; x_wconf 91' lang='lat' dir='ltr'>eius</span> <span class='ocrx_word' id='word_1_69' title='bbox 465 906 635 955; x_wconf 93' lang='lat' dir='ltr'>modi:</span> <span class='ocrx_word' id='word_1_70' title='bbox 685 922 853 954; x_wconf 90' lang='lat' dir='ltr'>verum</span> <span class='ocrx_word' id='word_1_71' title='bbox 889 922 1005 954; x_wconf 92' lang='lat' dir='ltr'>curn</span> <span class='ocrx_word' id='word_1_72' title='bbox 1043 906 1255 953; x_wconf 88' lang='lat' dir='ltr'>habeam</span> <span class='ocrx_word' id='word_1_73' title='bbox 1286 920 1391 953; x_wconf 92' lang='lat' dir='ltr'>rem</span> <span class='ocrx_word' id='word_1_74' title='bbox 1428 920 1530 952; x_wconf 91' lang='lat' dir='ltr'>non</span> <span class='ocrx_word' id='word_1_75' title='bbox 1567 903 1787 963; x_wconf 90' lang='lat' dir='ltr'>dubiam,</span> <span class='ocrx_word' id='word_1_76' title='bbox 1817 902 1905 951; x_wconf 90' lang='lat' dir='ltr'>sed</span> 
     </span>
     <span class='ocr_line' id='line_1_10' title="bbox 163 993 1908 1060; baseline -0.003 -14"><span class='ocrx_word' id='word_1_77' title='bbox 163 1005 384 1060; x_wconf 91' lang='lat' dir='ltr'>apertam</span> <span class='ocrx_word' id='word_1_78' title='bbox 445 1006 594 1059; x_wconf 86' lang='lat' dir='ltr'>atque</span> <span class='ocrx_word' id='word_1_79' title='bbox 653 997 981 1055; x_wconf 85' lang='lat' dir='ltr'>manifestam,</span> <span class='ocrx_word' id='word_1_80' title='bbox 1033 994 1348 1044; x_wconf 89' lang='lat' dir='ltr'>enumeratio</span> <span class='ocrx_word' id='word_1_81' title='bbox 1405 993 1712 1057; x_wconf 89' lang='lat' dir='ltr'>singulorum</span> <span class='ocrx_word' id='word_1_82' title='bbox 1773 1009 1908 1056; x_wconf 86' lang='lat' dir='ltr'>argu-</span> 
     </span>
     <span class='ocr_line' id='line_1_11' title="bbox 165 1082 1908 1148; baseline -0.003 -13"><span class='ocrx_word' id='word_1_83' title='bbox 165 1095 446 1135; x_wconf 90' lang='lat' dir='ltr'>mentorum</span> <span class='ocrx_word' id='word_1_84' title='bbox 487 1102 586 1134; x_wconf 91' lang='lat' dir='ltr'>non</span> <span class='ocrx_word' id='word_1_85' title='bbox 628 1095 703 1134; x_wconf 91' lang='lat' dir='ltr'>est</span> <span class='ocrx_word' id='word_1_86' title='bbox 738 1084 1030 1133; x_wconf 90' lang='lat' dir='ltr'>necessaria.</span> <span class='ocrx_word' id='word_1_87' title='bbox 1103 1082 1186 1148; x_wconf 89' lang='lat'>65.</span> <span class='ocrx_word' id='word_1_88' title='bbox 1243 1083 1373 1132; x_wconf 90' lang='lat' dir='ltr'>Dico</span> <span class='ocrx_word' id='word_1_89' title='bbox 1418 1085 1476 1133; x_wconf 88' lang='lat' dir='ltr'>C.</span> <span class='ocrx_word' id='word_1_90' title='bbox 1516 1083 1665 1132; x_wconf 91' lang='lat' dir='ltr'>Aelio</span> <span class='ocrx_word' id='word_1_91' title='bbox 1705 1083 1908 1132; x_wconf 86' lang='lat' dir='ltr'>Staieno</span> 
     </span>
     <span class='ocr_line' id='line_1_12' title="bbox 165 1172 1909 1238; baseline -0.003 -14"><span class='ocrx_word' id='word_1_92' title='bbox 165 1175 315 1225; x_wconf 90' lang='lat' dir='ltr'>iudici</span> <span class='ocrx_word' id='word_1_93' title='bbox 363 1175 627 1238; x_wconf 89' lang='lat' dir='ltr'>pecuniam</span> <span class='ocrx_word' id='word_1_94' title='bbox 676 1175 915 1238; x_wconf 85' lang='lat' dir='ltr'>grandem</span> <span class='ocrx_word' id='word_1_95' title='bbox 967 1172 1177 1222; x_wconf 87' lang='lat' dir='ltr'>Statium</span> <span class='ocrx_word' id='word_1_96' title='bbox 1227 1173 1432 1222; x_wconf 80' lang='lat' dir='ltr'>Albium</span> <span class='ocrx_word' id='word_1_97' title='bbox 1482 1173 1546 1221; x_wconf 90' lang='lat' dir='ltr'>ad</span> <span class='ocrx_word' id='word_1_98' title='bbox 1593 1187 1909 1235; x_wconf 91' lang='lat' dir='ltr'>corrumpen-</span> 
     </span>
     <span class='ocr_line' id='line_1_13' title="bbox 166 1245 1907 1326; baseline -0.004 -11"><span class='ocrx_word' id='word_1_99' title='bbox 166 1267 287 1315; x_wconf 91' lang='lat' dir='ltr'>dum</span> <span class='ocrx_word' id='word_1_100' title='bbox 327 1265 563 1314; x_wconf 90' lang='lat' dir='ltr'>iudicium</span> <span class='ocrx_word' id='word_1_101' title='bbox 600 1263 816 1313; x_wconf 90' lang='lat' dir='ltr'><strong>dedisse.</strong></span> <span class='ocrx_word' id='word_1_102' title='bbox 890 1245 1026 1311; x_wconf 91' lang='lat' dir='ltr'>Num</span> <span class='ocrx_word' id='word_1_103' title='bbox 1064 1262 1173 1326; x_wconf 91' lang='lat' dir='ltr'>quis</span> <span class='ocrx_word' id='word_1_104' title='bbox 1222 1266 1410 1325; x_wconf 84' lang='lat' dir='ltr'>negat?</span> <span class='ocrx_word' id='word_1_105' title='bbox 1480 1264 1571 1322; x_wconf 90' lang='lat' dir='ltr'>Te,</span> <span class='ocrx_word' id='word_1_106' title='bbox 1613 1260 1907 1325; x_wconf 78' lang='lat' dir='ltr'>Oppianice,</span> 
     </span>
    </p>

    <p class='ocr_par' dir='ltr' id='par_1_4' title="bbox 114 1335 1914 2580">
     <span class='ocr_line' id='line_1_14' title="bbox 167 1335 1909 1426; baseline -0.003 -22"><span class='ocrx_word' id='word_1_107' title='bbox 167 1356 392 1426; x_wconf 90' lang='lat' dir='ltr'>appello:</span> <span class='ocrx_word' id='word_1_108' title='bbox 451 1363 516 1414; x_wconf 93' lang='lat' dir='ltr'>te,</span> <span class='ocrx_word' id='word_1_109' title='bbox 565 1335 726 1402; x_wconf 64' lang='lat' dir='ltr'>Acci{</span> <span class='ocrx_word' id='word_1_110' title='bbox 772 1369 982 1416; x_wconf 89' lang='lat' dir='ltr'>quorum</span> <span class='ocrx_word' id='word_1_111' title='bbox 1033 1354 1154 1402; x_wconf 91' lang='lat' dir='ltr'>alter</span> <span class='ocrx_word' id='word_1_112' title='bbox 1197 1352 1484 1415; x_wconf 87' lang='lat' dir='ltr'>eloquentia</span> <span class='ocrx_word' id='word_1_113' title='bbox 1532 1351 1909 1417; x_wconf 81' lang='lat' dir='ltr'>damnationem</span> 
     </span>
     <span class='ocr_line' id='line_1_15' title="bbox 114 1427 1910 1506; baseline -0.002 -13"><span class='ocrx_word' id='word_1_114' title='bbox 114 1427 317 1504; x_wconf 34' lang='lat' dir='ltr'>¹‘&#39;illam,</span> <span class='ocrx_word' id='word_1_115' title='bbox 376 1446 498 1493; x_wconf 87' lang='lat' dir='ltr'>alte-r</span> <span class='ocrx_word' id='word_1_116' title='bbox 556 1443 706 1492; x_wconf 89' lang='lat' dir='ltr'>tacita</span> <span class='ocrx_word' id='word_1_117' title='bbox 763 1443 947 1506; x_wconf 89' lang='lat' dir='ltr'>pietate</span> <span class='ocrx_word' id='word_1_118' title='bbox 1009 1444 1251 1506; x_wconf 86' lang='lat' dir='ltr'>deplorat.</span> <span class='ocrx_word' id='word_1_119' title='bbox 1371 1442 1570 1501; x_wconf 86' lang='lat' dir='ltr'>Audete</span> <span class='ocrx_word' id='word_1_120' title='bbox 1619 1457 1799 1505; x_wconf 88' lang='lat' dir='ltr'>negare</span> <span class='ocrx_word' id='word_1_121' title='bbox 1847 1442 1910 1489; x_wconf 88' lang='lat' dir='ltr'>ab</span> 
     </span>
     <span class='ocr_line' id='line_1_16' title="bbox 168 1531 1908 1597; baseline -0.003 -13"><span class='ocrx_word' id='word_1_122' title='bbox 168 1532 450 1597; x_wconf 89' lang='lat' dir='ltr'>Oppianico</span> <span class='ocrx_word' id='word_1_123' title='bbox 484 1532 686 1582; x_wconf 88' lang='lat' dir='ltr'>Staieno</span> <span class='ocrx_word' id='word_1_124' title='bbox 722 1532 876 1581; x_wconf 90' lang='lat' dir='ltr'>iudici</span> <span class='ocrx_word' id='word_1_125' title='bbox 914 1532 1180 1595; x_wconf 87' lang='lat' dir='ltr'>pecuniam</span> <span class='ocrx_word' id='word_1_126' title='bbox 1218 1533 1387 1581; x_wconf 89' lang='lat' dir='ltr'>datam</span> <span class='ocrx_word' id='word_1_127' title='bbox 1417 1552 1427 1580; x_wconf 72' lang='grc' dir='ltr'>ι</span> <span class='ocrx_word' id='word_1_128' title='bbox 1465 1541 1658 1594; x_wconf 88' lang='lat' dir='ltr'>negate,</span> <span class='ocrx_word' id='word_1_129' title='bbox 1686 1531 1908 1593; x_wconf 87' lang='lat' dir='ltr'>inquam,</span> 
     </span>
     <span class='ocr_line' id='line_1_17' title="bbox 168 1620 1910 1685; baseline -0.003 -13"><span class='ocrx_word' id='word_1_130' title='bbox 168 1640 281 1672; x_wconf 91' lang='lat' dir='ltr'>meo</span> <span class='ocrx_word' id='word_1_131' title='bbox 337 1625 461 1671; x_wconf 87' lang='lat' dir='ltr'>loco.</span> <span class='ocrx_word' id='word_1_132' title='bbox 538 1622 676 1685; x_wconf 83' lang='lat' dir='ltr'>Quid</span> <span class='ocrx_word' id='word_1_133' title='bbox 720 1622 937 1671; x_wconf 87' lang='lat' dir='ltr'>tacetis?</span> <span class='ocrx_word' id='word_1_134' title='bbox 1002 1639 1066 1670; x_wconf 91' lang='lat' dir='ltr'>an</span> <span class='ocrx_word' id='word_1_135' title='bbox 1114 1638 1294 1684; x_wconf 88' lang='lat' dir='ltr'>negare</span> <span class='ocrx_word' id='word_1_136' title='bbox 1343 1637 1445 1669; x_wconf 91' lang='lat' dir='ltr'>non</span> <span class='ocrx_word' id='word_1_137' title='bbox 1494 1620 1720 1683; x_wconf 89' lang='lat' dir='ltr'>potestis,</span> <span class='ocrx_word' id='word_1_138' title='bbox 1773 1621 1910 1682; x_wconf 92' lang='lat' dir='ltr'>quod</span> 
     </span>
     <span class='ocr_line' id='line_1_18' title="bbox 168 1709 1909 1776; baseline -0.003 -14"><span class='ocrx_word' id='word_1_139' title='bbox 168 1712 428 1776; x_wconf 83' lang='lat' dir='ltr'>repetistiS,</span> <span class='ocrx_word' id='word_1_140' title='bbox 491 1713 629 1774; x_wconf 91' lang='lat' dir='ltr'>quod</span> <span class='ocrx_word' id='word_1_141' title='bbox 688 1712 901 1760; x_wconf 89' lang='lat' dir='ltr'>confessi</span> <span class='ocrx_word' id='word_1_142' title='bbox 968 1711 1100 1770; x_wconf 91' lang='lat' dir='ltr'>estis,</span> <span class='ocrx_word' id='word_1_143' title='bbox 1169 1711 1307 1773; x_wconf 91' lang='lat' dir='ltr'>quod</span> <span class='ocrx_word' id='word_1_144' title='bbox 1365 1709 1675 1759; x_wconf 88' lang='lat' dir='ltr'>abstulistis?</span> <span class='ocrx_word' id='word_1_145' title='bbox 1792 1712 1909 1772; x_wconf 82' lang='lat' dir='ltr'>Quo</span> 
     </span>
     <span class='ocr_line' id='line_1_19' title="bbox 167 1799 1911 1865; baseline -0.003 -14"><span class='ocrx_word' id='word_1_146' title='bbox 167 1804 367 1852; x_wconf 86' lang='lat' dir='ltr'>tandem</span> <span class='ocrx_word' id='word_1_147' title='bbox 394 1801 539 1865; x_wconf 88' lang='lat' dir='ltr'>igitur</span> <span class='ocrx_word' id='word_1_148' title='bbox 573 1818 660 1850; x_wconf 90' lang='lat' dir='ltr'>ore</span> <span class='ocrx_word' id='word_1_149' title='bbox 697 1801 1005 1850; x_wconf 89' lang='lat' dir='ltr'>mentionem</span> <span class='ocrx_word' id='word_1_150' title='bbox 1043 1800 1267 1864; x_wconf 72' lang='lat' dir='ltr'>corrupti,</span> <span class='ocrx_word' id='word_1_151' title='bbox 1297 1799 1467 1848; x_wconf 90' lang='lat' dir='ltr'>iudicii</span> <span class='ocrx_word' id='word_1_152' title='bbox 1503 1800 1678 1864; x_wconf 81' lang='lat' dir='ltr'>facitis,</span> <span class='ocrx_word' id='word_1_153' title='bbox 1707 1816 1821 1847; x_wconf 91' lang='lat' dir='ltr'>cum</span> <span class='ocrx_word' id='word_1_154' title='bbox 1847 1799 1911 1847; x_wconf 91' lang='lat' dir='ltr'>ab</span> 
     </span>
     <span class='ocr_line' id='line_1_20' title="bbox 168 1889 1911 1956; baseline -0.002 -15"><span class='ocrx_word' id='word_1_155' title='bbox 168 1892 261 1941; x_wconf 90' lang='lat' dir='ltr'>ista</span> <span class='ocrx_word' id='word_1_156' title='bbox 287 1902 427 1956; x_wconf 86' lang='lat' dir='ltr'>parte</span> <span class='ocrx_word' id='word_1_157' title='bbox 453 1891 605 1941; x_wconf 90' lang='lat' dir='ltr'>iudici</span> <span class='ocrx_word' id='word_1_158' title='bbox 626 1891 891 1954; x_wconf 88' lang='lat' dir='ltr'>pecuniam</span> <span class='ocrx_word' id='word_1_159' title='bbox 918 1900 1035 1940; x_wconf 91' lang='lat' dir='ltr'>ante</span> <span class='ocrx_word' id='word_1_160' title='bbox 1060 1890 1299 1940; x_wconf 92' lang='lat' dir='ltr'>iudicium</span> <span class='ocrx_word' id='word_1_161' title='bbox 1327 1892 1513 1950; x_wconf 88' lang='lat' dir='ltr'>datam,</span> <span class='ocrx_word' id='word_1_162' title='bbox 1531 1900 1644 1954; x_wconf 92' lang='lat' dir='ltr'>post</span> <span class='ocrx_word' id='word_1_163' title='bbox 1670 1889 1911 1938; x_wconf 91' lang='lat' dir='ltr'>iudicium</span> 
     </span>
     <span class='ocr_line' id='line_1_21' title="bbox 167 1979 1912 2050; baseline -0.001 -20"><span class='ocrx_word' id='word_1_164' title='bbox 167 1991 387 2045; x_wconf 87' lang='lat' dir='ltr'>ereptam</span> <span class='ocrx_word' id='word_1_165' title='bbox 437 1998 545 2031; x_wconf 91' lang='lat' dir='ltr'>esse</span> <span class='ocrx_word' id='word_1_166' title='bbox 594 1981 890 2030; x_wconf 87' lang='lat' dir='ltr'>fateamini?</span> <span class='ocrx_word' id='word_1_167' title='bbox 982 1979 1061 2033; x_wconf 90' lang='lat'>66.</span> <span class='ocrx_word' id='word_1_168' title='bbox 1105 1979 1339 2050; x_wconf 82' lang='lat' dir='ltr'>Quonam</span> <span class='ocrx_word' id='word_1_169' title='bbox 1390 1980 1537 2044; x_wconf 92' lang='lat' dir='ltr'>igitur</span> <span class='ocrx_word' id='word_1_170' title='bbox 1586 1981 1709 2029; x_wconf 89' lang='lat' dir='ltr'>haec</span> <span class='ocrx_word' id='word_1_171' title='bbox 1758 1980 1912 2028; x_wconf 89' lang='lat' dir='ltr'>modo</span> 
     </span>
     <span class='ocr_line' id='line_1_22' title="bbox 170 2068 1913 2133; baseline -0.001 -14"><span class='ocrx_word' id='word_1_172' title='bbox 170 2079 309 2133; x_wconf 90' lang='lat' dir='ltr'>gesta</span> <span class='ocrx_word' id='word_1_173' title='bbox 334 2073 487 2118; x_wconf 87' lang='lat' dir='ltr'>sunt?</span> <span class='ocrx_word' id='word_1_174' title='bbox 559 2073 807 2133; x_wconf 90' lang='lat' dir='ltr'>Repetam</span> <span class='ocrx_word' id='word_1_175' title='bbox 846 2071 1016 2133; x_wconf 89' lang='lat' dir='ltr'>paullo</span> <span class='ocrx_word' id='word_1_176' title='bbox 1053 2070 1215 2130; x_wconf 88' lang='lat' dir='ltr'>altius,</span> <span class='ocrx_word' id='word_1_177' title='bbox 1253 2069 1458 2129; x_wconf 83' lang='lat' dir='ltr'>iudiceS,</span> <span class='ocrx_word' id='word_1_178' title='bbox 1487 2078 1535 2118; x_wconf 91' lang='lat' dir='ltr'>et</span> <span class='ocrx_word' id='word_1_179' title='bbox 1572 2068 1756 2128; x_wconf 88' lang='lat' dir='ltr'>omnia,</span> <span class='ocrx_word' id='word_1_180' title='bbox 1785 2085 1913 2131; x_wconf 90' lang='lat' dir='ltr'>quae</span> 
     </span>
     <span class='ocr_line' id='line_1_23' title="bbox 171 2158 1913 2221; baseline -0.001 -13"><span class='ocrx_word' id='word_1_181' title='bbox 171 2159 222 2207; x_wconf 89' lang='lat' dir='ltr'>in</span> <span class='ocrx_word' id='word_1_182' title='bbox 248 2159 478 2208; x_wconf 86' lang='lat' dir='ltr'>diuturna</span> <span class='ocrx_word' id='word_1_183' title='bbox 514 2158 816 2208; x_wconf 89' lang='lat' dir='ltr'>obscuritate</span> <span class='ocrx_word' id='word_1_184' title='bbox 853 2161 1114 2219; x_wconf 86' lang='lat' dir='ltr'>latuerunt,</span> <span class='ocrx_word' id='word_1_185' title='bbox 1144 2159 1214 2207; x_wconf 92' lang='lat' dir='ltr'>sic</span> <span class='ocrx_word' id='word_1_186' title='bbox 1252 2158 1486 2221; x_wconf 86' lang='lat' dir='ltr'>aperiam,</span> <span class='ocrx_word' id='word_1_187' title='bbox 1528 2167 1581 2206; x_wconf 91' lang='lat' dir='ltr'>ut</span> <span class='ocrx_word' id='word_1_188' title='bbox 1618 2174 1677 2207; x_wconf 92' lang='lat' dir='ltr'>ea</span> <span class='ocrx_word' id='word_1_189' title='bbox 1712 2174 1913 2207; x_wconf 90' lang='lat' dir='ltr'>cernere</span> 
     </span>
     <span class='ocr_line' id='line_1_24' title="bbox 171 2246 1912 2312; baseline -0.002 -14"><span class='ocrx_word' id='word_1_190' title='bbox 171 2247 328 2298; x_wconf 91' lang='lat' dir='ltr'>oculis</span> <span class='ocrx_word' id='word_1_191' title='bbox 364 2248 645 2298; x_wconf 88' lang='lat' dir='ltr'>videamini.</span> <span class='ocrx_word' id='word_1_192' title='bbox 722 2251 827 2298; x_wconf 95' lang='lat' dir='ltr'>Vos</span> <span class='ocrx_word' id='word_1_193' title='bbox 858 2265 1059 2312; x_wconf 85' lang='lat' dir='ltr'>quaeso,</span> <span class='ocrx_word' id='word_1_194' title='bbox 1088 2258 1142 2297; x_wconf 86' lang='lat' dir='ltr'>ut</span> <span class='ocrx_word' id='word_1_195' title='bbox 1167 2250 1332 2297; x_wconf 90' lang='lat' dir='ltr'>adhuc</span> <span class='ocrx_word' id='word_1_196' title='bbox 1369 2265 1450 2297; x_wconf 93' lang='lat' dir='ltr'>me</span> <span class='ocrx_word' id='word_1_197' title='bbox 1476 2257 1663 2296; x_wconf 90' lang='lat' dir='ltr'>attente</span> <span class='ocrx_word' id='word_1_198' title='bbox 1689 2246 1912 2307; x_wconf 89' lang='lat' dir='ltr'>audistis,</span> 
     </span>
     <span class='ocr_line' id='line_1_25' title="bbox 173 2337 1914 2401; baseline -0.001 -14"><span class='ocrx_word' id='word_1_199' title='bbox 173 2347 225 2387; x_wconf 92' lang='lat' dir='ltr'>ut</span> <span class='ocrx_word' id='word_1_200' title='bbox 270 2337 407 2399; x_wconf 87' lang='lat' dir='ltr'>item,</span> <span class='ocrx_word' id='word_1_201' title='bbox 458 2354 586 2401; x_wconf 90' lang='lat' dir='ltr'>quae</span> <span class='ocrx_word' id='word_1_202' title='bbox 634 2337 824 2401; x_wconf 91' lang='lat' dir='ltr'>reliqua</span> <span class='ocrx_word' id='word_1_203' title='bbox 862 2347 992 2398; x_wconf 89' lang='lat' dir='ltr'>sunt,</span> <span class='ocrx_word' id='word_1_204' title='bbox 1038 2337 1291 2387; x_wconf 87' lang='lat' dir='ltr'>audiatis:</span> <span class='ocrx_word' id='word_1_205' title='bbox 1336 2338 1561 2400; x_wconf 87' lang='lat' dir='ltr'>profecto</span> <span class='ocrx_word' id='word_1_206' title='bbox 1601 2337 1724 2385; x_wconf 90' lang='lat' dir='ltr'>nihil</span> <span class='ocrx_word' id='word_1_207' title='bbox 1766 2354 1796 2384; x_wconf 89' lang='lat' dir='ltr'>a</span> <span class='ocrx_word' id='word_1_208' title='bbox 1832 2353 1914 2385; x_wconf 92' lang='lat' dir='ltr'>me</span> 
     </span>
     <span class='ocr_line' id='line_1_26' title="bbox 174 2425 1914 2499; baseline -0.001 -23"><span class='ocrx_word' id='word_1_209' title='bbox 174 2426 379 2487; x_wconf 88' lang='lat' dir='ltr'>dicetur,</span> <span class='ocrx_word' id='word_1_210' title='bbox 408 2428 543 2490; x_wconf 88' lang='lat' dir='ltr'>quod</span> <span class='ocrx_word' id='word_1_211' title='bbox 581 2443 684 2475; x_wconf 92' lang='lat' dir='ltr'>non</span> <span class='ocrx_word' id='word_1_212' title='bbox 723 2426 928 2490; x_wconf 90' lang='lat' dir='ltr'>dignum</span> <span class='ocrx_word' id='word_1_213' title='bbox 954 2429 1051 2476; x_wconf 89' lang='lat' dir='ltr'>hoc</span> <span class='ocrx_word' id='word_1_214' title='bbox 1087 2436 1339 2476; x_wconf 89' lang='lat' dir='ltr'>conventu</span> <span class='ocrx_word' id='word_1_215' title='bbox 1378 2435 1425 2475; x_wconf 91' lang='lat' dir='ltr'>et</span> <span class='ocrx_word' id='word_1_216' title='bbox 1463 2426 1676 2499; x_wconf 46' lang='lat' dir='ltr'>silcejitio,</span> <span class='ocrx_word' id='word_1_217' title='bbox 1705 2425 1914 2489; x_wconf 89' lang='lat' dir='ltr'>dignum</span> 
     </span>
     <span class='ocr_line' id='line_1_27' title="bbox 172 2516 1346 2580; baseline 0 -14"><span class='ocrx_word' id='word_1_218' title='bbox 172 2517 345 2567; x_wconf 86' lang='lat' dir='ltr'>vestris</span> <span class='ocrx_word' id='word_1_219' title='bbox 371 2516 544 2566; x_wconf 91' lang='lat' dir='ltr'>studiis</span> <span class='ocrx_word' id='word_1_220' title='bbox 570 2525 720 2580; x_wconf 89' lang='lat' dir='ltr'>atque</span> <span class='ocrx_word' id='word_1_221' title='bbox 746 2516 945 2566; x_wconf 85' lang='lat' dir='ltr'>auribus</span> <span class='ocrx_word' id='word_1_222' title='bbox 973 2534 1080 2566; x_wconf 90' lang='lat' dir='ltr'>esse</span> <span class='ocrx_word' id='word_1_223' title='bbox 1107 2517 1346 2566; x_wconf 90' lang='lat' dir='ltr'>videatur.</span> 
     </span>
    </p>

    <p class='ocr_par' dir='ltr' id='par_1_5' title="bbox 171 2606 1915 2855">
     <span class='ocr_line' id='line_1_28' title="bbox 234 2606 1912 2670; baseline -0.001 -15"><span class='ocrx_word' id='word_1_224' title='bbox 234 2607 367 2655; x_wconf 88' lang='lat' dir='ltr'>Nam</span> <span class='ocrx_word' id='word_1_225' title='bbox 392 2615 447 2655; x_wconf 92' lang='lat' dir='ltr'>ut</span> <span class='ocrx_word' id='word_1_226' title='bbox 471 2606 684 2669; x_wconf 89' lang='lat' dir='ltr'>primum</span> <span class='ocrx_word' id='word_1_227' title='bbox 722 2606 1032 2670; x_wconf 84' lang='lat' dir='ltr'>Oppianicus</span> <span class='ocrx_word' id='word_1_228' title='bbox 1071 2623 1130 2655; x_wconf 87' lang='lat' dir='ltr'>ex</span> <span class='ocrx_word' id='word_1_229' title='bbox 1166 2623 1242 2666; x_wconf 91' lang='lat' dir='ltr'>eo,</span> <span class='ocrx_word' id='word_1_230' title='bbox 1284 2607 1421 2669; x_wconf 90' lang='lat' dir='ltr'>quod</span> <span class='ocrx_word' id='word_1_231' title='bbox 1457 2606 1763 2655; x_wconf 88' lang='lat' dir='ltr'>Scamander</span> <span class='ocrx_word' id='word_1_232' title='bbox 1798 2622 1912 2654; x_wconf 88' lang='lat' dir='ltr'>reus</span> 
     </span>
     <span class='ocr_line' id='line_1_29' title="bbox 171 2693 1915 2758; baseline 0.001 -15"><span class='ocrx_word' id='word_1_233' title='bbox 171 2703 276 2743; x_wconf 87' lang='lat' dir='ltr'>erat</span> <span class='ocrx_word' id='word_1_234' title='bbox 301 2696 473 2753; x_wconf 89' lang='lat' dir='ltr'>factus,</span> <span class='ocrx_word' id='word_1_235' title='bbox 503 2694 624 2757; x_wconf 89' lang='lat' dir='ltr'>quid</span> <span class='ocrx_word' id='word_1_236' title='bbox 651 2693 743 2743; x_wconf 90' lang='lat' dir='ltr'>sibi</span> <span class='ocrx_word' id='word_1_237' title='bbox 769 2694 1083 2758; x_wconf 89' lang='lat' dir='ltr'>impenderet</span> <span class='ocrx_word' id='word_1_238' title='bbox 1109 2697 1278 2758; x_wconf 91' lang='lat' dir='ltr'>coepit</span> <span class='ocrx_word' id='word_1_239' title='bbox 1305 2694 1558 2757; x_wconf 86' lang='lat' dir='ltr'>suspicari,</span> <span class='ocrx_word' id='word_1_240' title='bbox 1581 2694 1745 2744; x_wconf 89' lang='lat' dir='ltr'>statim</span> <span class='ocrx_word' id='word_1_241' title='bbox 1773 2711 1824 2743; x_wconf 89' lang='lat' dir='ltr'>se</span> <span class='ocrx_word' id='word_1_242' title='bbox 1851 2697 1915 2744; x_wconf 90' lang='lat' dir='ltr'>ad</span> 
     </span>
     <span class='ocr_line' id='line_1_30' title="bbox 174 2781 1913 2855; baseline 0.001 -26"><span class='ocrx_word' id='word_1_243' title='bbox 174 2781 390 2831; x_wconf 89' lang='lat' dir='ltr'>hominis</span> <span class='ocrx_word' id='word_1_244' title='bbox 426 2783 631 2845; x_wconf 88' lang='lat' dir='ltr'>egentis,</span> <span class='ocrx_word' id='word_1_245' title='bbox 660 2783 878 2855; x_wconf 88' lang='lat' dir='ltr'>audacis,</span> <span class='ocrx_word' id='word_1_246' title='bbox 906 2783 957 2831; x_wconf 94' lang='lat' dir='ltr'>in</span> <span class='ocrx_word' id='word_1_247' title='bbox 994 2783 1192 2832; x_wconf 91' lang='lat' dir='ltr'>iudiciis</span> <span class='ocrx_word' id='word_1_248' title='bbox 1230 2783 1606 2847; x_wconf 88' lang='lat' dir='ltr'>corrumpendis</span> <span class='ocrx_word' id='word_1_249' title='bbox 1644 2784 1913 2842; x_wconf 85' lang='lat' dir='ltr'>exercitati,</span> 
     </span>
    </p>
   </div>
   <div class='ocr_carea' id='block_1_3' title="bbox 1938 1102 1997 1131">
    <p class='ocr_par' dir='ltr' id='par_1_6' title="bbox 1938 1102 1997 1131">
     <span class='ocr_line' id='line_1_31' title="bbox 1938 1102 1997 1131; baseline 0 0"><span class='ocrx_word' id='word_1_250' title='bbox 1938 1102 1997 1131; x_wconf 89' lang='lat'>10</span> 
     </span>
    </p>
   </div>
   <div class='ocr_carea' id='block_1_4' title="bbox 1939 1997 2001 2028">
    <p class='ocr_par' dir='ltr' id='par_1_7' title="bbox 1939 1997 2001 2028">
     <span class='ocr_line' id='line_1_32' title="bbox 1939 1997 2001 2028; baseline -0.016 0"><span class='ocrx_word' id='word_1_251' title='bbox 1939 1997 2001 2028; x_wconf 89' lang='lat'>20</span> 
     </span>
    </p>
   </div>
   <div class='ocr_carea' id='block_1_5' title="bbox 163 2871 2004 2936">
    <p class='ocr_par' dir='ltr' id='par_1_8' title="bbox 163 2871 2004 2936">
     <span class='ocr_line' id='line_1_33' title="bbox 163 2871 2004 2936; baseline 0.001 -17"><span class='ocrx_word' id='word_1_252' title='bbox 163 2880 279 2919; x_wconf 81' lang='lat' dir='ltr'>tum</span> <span class='ocrx_word' id='word_1_253' title='bbox 318 2881 484 2920; x_wconf 90' lang='lat' dir='ltr'>autem</span> <span class='ocrx_word' id='word_1_254' title='bbox 521 2871 712 2932; x_wconf 86' lang='lat' dir='ltr'>iudicis,</span> <span class='ocrx_word' id='word_1_255' title='bbox 751 2872 939 2921; x_wconf 89' lang='lat' dir='ltr'>Staieni</span> <span class='ocrx_word' id='word_1_256' title='bbox 974 2871 1356 2922; x_wconf 89' lang='lat' dir='ltr'>familiaritatem</span> <span class='ocrx_word' id='word_1_257' title='bbox 1394 2889 1447 2922; x_wconf 91' lang='lat' dir='ltr'>se</span> <span class='ocrx_word' id='word_1_258' title='bbox 1483 2873 1764 2936; x_wconf 90' lang='lat' dir='ltr'>applicavit.</span> <span class='ocrx_word' id='word_1_259' title='bbox 1839 2876 1915 2922; x_wconf 92' lang='lat' dir='ltr'>Ac</span> <span class='ocrx_word' id='word_1_260' title='bbox 1939 2889 2004 2934; x_wconf 87' lang='lat'>30</span> 
     </span>
    </p>
   </div>
   <div class='ocr_carea' id='block_1_6' title="bbox 172 2958 1915 3203">
    <p class='ocr_par' dir='ltr' id='par_1_9' title="bbox 172 2958 1915 3203">
     <span class='ocr_line' id='line_1_34' title="bbox 174 2958 1915 3025; baseline 0.001 -19"><span class='ocrx_word' id='word_1_261' title='bbox 174 2958 386 3022; x_wconf 92' lang='lat' dir='ltr'>primum</span> <span class='ocrx_word' id='word_1_262' title='bbox 414 2960 721 3009; x_wconf 90' lang='lat' dir='ltr'>Scamandro</span> <span class='ocrx_word' id='word_1_263' title='bbox 740 2978 825 3010; x_wconf 92' lang='lat' dir='ltr'>reo</span> <span class='ocrx_word' id='word_1_264' title='bbox 851 2971 1043 3010; x_wconf 88' lang='lat' dir='ltr'>tantum</span> <span class='ocrx_word' id='word_1_265' title='bbox 1072 2962 1218 3010; x_wconf 88' lang='lat' dir='ltr'>donis</span> <span class='ocrx_word' id='word_1_266' title='bbox 1245 2962 1372 3010; x_wconf 91' lang='lat' dir='ltr'>datis</span> <span class='ocrx_word' id='word_1_267' title='bbox 1398 2963 1788 3025; x_wconf 89' lang='lat' dir='ltr'>muneribusque</span> <span class='ocrx_word' id='word_1_268' title='bbox 1813 2979 1915 3025; x_wconf 91' lang='lat' dir='ltr'>per-</span> 
     </span>
     <span class='ocr_line' id='line_1_35' title="bbox 174 3049 1914 3114; baseline 0.003 -20"><span class='ocrx_word' id='word_1_269' title='bbox 174 3049 374 3108; x_wconf 90' lang='lat' dir='ltr'>fecerat,</span> <span class='ocrx_word' id='word_1_270' title='bbox 404 3058 455 3097; x_wconf 92' lang='lat' dir='ltr'>ut</span> <span class='ocrx_word' id='word_1_271' title='bbox 493 3065 552 3097; x_wconf 96' lang='lat' dir='ltr'>eo</span> <span class='ocrx_word' id='word_1_272' title='bbox 589 3051 781 3099; x_wconf 90' lang='lat' dir='ltr'>fautore</span> <span class='ocrx_word' id='word_1_273' title='bbox 818 3060 1036 3099; x_wconf 90' lang='lat' dir='ltr'>uteretur</span> <span class='ocrx_word' id='word_1_274' title='bbox 1072 3050 1347 3113; x_wconf 89' lang='lat' dir='ltr'>cupidiore,</span> <span class='ocrx_word' id='word_1_275' title='bbox 1387 3068 1537 3114; x_wconf 88' lang='lat' dir='ltr'>quam</span> <span class='ocrx_word' id='word_1_276' title='bbox 1575 3053 1700 3100; x_wconf 91' lang='lat' dir='ltr'>fides</span> <span class='ocrx_word' id='word_1_277' title='bbox 1735 3051 1914 3100; x_wconf 85' lang='lat' dir='ltr'>iudicis</span> 
     </span>
     <span class='ocr_line' id='line_1_36' title="bbox 172 3137 1915 3203; baseline 0.002 -18"><span class='ocrx_word' id='word_1_278' title='bbox 172 3139 466 3200; x_wconf 88' lang='lat' dir='ltr'>postulabat.</span> <span class='ocrx_word' id='word_1_279' title='bbox 538 3137 617 3203; x_wconf 88' lang='lat'>67.</span> <span class='ocrx_word' id='word_1_280' title='bbox 661 3141 779 3188; x_wconf 91' lang='lat' dir='ltr'>Post</span> <span class='ocrx_word' id='word_1_281' title='bbox 827 3149 991 3189; x_wconf 87' lang='lat' dir='ltr'>autem</span> <span class='ocrx_word' id='word_1_282' title='bbox 1040 3156 1154 3188; x_wconf 88' lang='lat' dir='ltr'>cum</span> <span class='ocrx_word' id='word_1_283' title='bbox 1215 3149 1344 3190; x_wconf 89' lang='lat' dir='ltr'>esset</span> <span class='ocrx_word' id='word_1_284' title='bbox 1404 3141 1708 3190; x_wconf 86' lang='lat' dir='ltr'>Scamander</span> <span class='ocrx_word' id='word_1_285' title='bbox 1767 3139 1915 3190; x_wconf 90' lang='lat' dir='ltr'>unius</span> 
     </span>
    </p>
   </div>
  </div>
 </body>
</html>
