2106 3386
236 130 305 192 48
519 129 672 182 PRO
714 129 783 180 A.
827 128 1248 182 CLUENTIO
1290 129 1616 183 ORATIO.
1693 130 1854 199 [XLV.
1886 144 1982 199 127

237 267 466 319 statuisse
492 268 674 319 dicent.
751 269 905 332 Quod
931 269 971 318 si
996 271 1064 319 ita
1084 269 1334 332 fecissent,
1357 278 1527 319 tamen
1547 269 1600 320 id
1619 286 1722 320 non
1741 271 1811 320 ita
1828 272 1982 321 fixum

234 373 344 407 esse
369 358 592 418 deberet,
619 365 675 407 ut
699 357 919 407 convelli
943 374 1048 408 non
1073 359 1261 408 liceret.
1357 361 1478 408 Non
1504 368 1613 408 utar
1637 362 1982 425 exemplorum

233 446 393 511 copia,
435 464 563 511 quae
611 464 806 496 summa
855 456 944 508 est,
993 464 1096 497 non
1143 464 1249 497 rem
1298 456 1532 508 veterem,
1583 463 1688 497 non
1722 447 1982 499 hominem

233 546 493 602 potentem
517 537 738 601 aliquem
763 547 846 587 aut
871 537 1143 601 gratiosum
1169 539 1436 602 proferam.
1523 539 1698 601 Nuper
1722 537 1981 589 hominem

181 641 205 690 5
231 634 451 688 tenuem,
480 627 694 676 scribam
730 627 1032 687 aedilicium,
1062 629 1124 675 D.
1154 626 1464 687 Matrinium,
1491 644 1607 676 cum
1644 626 1982 678 defendissem

232 718 367 780 apud
394 719 463 766 M.
496 717 700 766 Iunium
727 719 790 779 Q.
820 716 1105 766 Publicium
1130 725 1383 781 praetores
1410 726 1458 767 et
1486 720 1557 766 M.
1588 717 1894 767 Plaetorium
1921 719 1979 768 C.

234 806 539 855 Flaminium
563 806 753 856 aediles
779 807 987 867 curules,
1015 806 1252 870 persuasi,
1280 815 1336 855 ut
1357 805 1574 855 scribam
1595 805 1742 874 iurati
1761 808 1983 871 legerent

234 911 363 955 eum,
425 912 578 958 quem
638 896 774 944 idem
834 894 914 943 isti
973 911 1207 944 censores
1261 893 1507 944 aerarium
1560 895 1818 958 reliquisse
1873 896 1984 945 sub-

232 985 546 1049 scripserunt.
623 986 758 1034 Cum
801 984 936 1033 enim
973 983 1024 1032 in
1062 984 1268 1033 homine
1306 984 1441 1033 nulla
1477 985 1627 1048 culpa
1662 983 1979 1046 inveniretur,

152 1091 210 1121 10
233 1074 357 1139 quid
381 1076 464 1124 ille
489 1074 764 1134 meruisset,
787 1090 892 1124 non
912 1074 1034 1138 quid
1055 1075 1120 1124 de
1140 1091 1201 1124 eo
1222 1082 1462 1123 statutum
1485 1082 1616 1124 esset
1637 1075 1981 1138 quaerendum

234 1180 343 1213 6556
390 1164 652 1213 duxerunt.
731 1170 840 1228 127.
884 1165 1016 1212 Nam
1066 1164 1191 1212 haec
1241 1162 1462 1226 quidem,
1514 1179 1644 1227 quae
1693 1164 1756 1214 de
1792 1163 1982 1214 iudicio

232 1261 468 1316 corrupto
505 1254 915 1316 subscripserunt,
956 1252 1065 1316 quis
1101 1252 1290 1316 estqui
1326 1254 1390 1302 ab
1427 1252 1523 1302 illis
1561 1251 1679 1302 satis
1704 1253 1907 1318 cognita
1933 1263 1983 1304 et

232 1342 497 1406 diligenter
543 1342 766 1392 iudicata
813 1341 1117 1392 arbitretur?
1156 1344 1216 1390 In
1270 1343 1353 1390 M'.
1407 1341 1667 1405 Aquilium
1715 1351 1766 1392 et
1812 1342 1862 1391 in
1899 1342 1978 1392 Ti.

231 1434 440 1482 Guttam
476 1431 625 1481 video
663 1448 772 1481 esse
809 1431 1157 1495 subscriptum.
1235 1430 1373 1493 Quid
1410 1441 1485 1480 est
1532 1432 1670 1490 hoc?
1706 1431 1834 1482 duos
1870 1447 1981 1482 esse

154 1535 206 1583 15
233 1530 492 1585 corruptos
531 1522 665 1570 solos
700 1520 915 1584 pecunia
951 1521 1151 1569 dicant:
1190 1522 1343 1569 ceteri
1380 1519 1615 1570 videlicet
1661 1519 1814 1584 gratis
1866 1537 2008 1578 con-v

234 1611 549 1661 demnarunt.
623 1611 742 1660 Non
791 1619 866 1659 est
914 1609 1060 1674 igitur
1106 1609 1490 1670 circumventus,
1551 1626 1655 1659 non
1716 1626 1982 1675 oppressus

234 1701 465 1764 pecunia,
515 1716 632 1760 non,
683 1708 738 1749 ut
784 1700 898 1749 illae
949 1699 1285 1762 Quinctianae
1334 1698 1600 1749 contiones
1650 1700 1979 1760 habebantur,

234 1806 423 1850 omnes,
475 1789 561 1852 qui
610 1789 951 1853 Oppianicum
999 1773 1421 1850 condemnarunt,
1465 1789 1519 1838 in
1565 1791 1715 1854 culpa
1762 1799 1877 1843 sunt
1924 1807 1982 1839 ac

233 1878 520 1943 suspicione
555 1878 810 1942 ponendi:
848 1880 977 1928 duos
1015 1880 1149 1928 solos
1185 1879 1334 1928 video
1371 1878 1666 1929 auctoritate
1714 1896 1982 1930 censorum

150 1987 210 2017 20
233 1969 425 2047 adfines
468 1968 514 2017 ei
554 1967 851 2031 turpitudini
900 1968 1123 2018 iudicari.
1198 1971 1301 2017 Aut
1337 1969 1463 2018 illud
1500 1970 1741 2030 adferant,
1790 1969 2038 2101 aliquid&

235 2074 359 2119 sese,
398 2059 538 2121 quod
576 2058 640 2107 de
683 2058 759 2106 his
796 2058 996 2106 duobus
1033 2057 1300 2107 habuerint
1337 2067 1665 2122 compertum,
1705 2059 1770 2108 de
1805 2059 1982 2109 ceteris
2025 2025 2102 2199 X

234 2165 330 2197 non
355 2146 672 2212 comperisse.
1565 2132 1569 2140 ’

303 2239 491 2286 XLVI.
533 2235 644 2288 128.
684 2237 819 2284 Nam
843 2235 968 2284 illud
993 2235 1198 2299 quidem
1224 2235 1431 2285 minime
1457 2236 1775 2300 probandum
1801 2247 1890 2301 est,
1915 2239 1982 2288 ad

236 2326 519 2376 notationes
556 2325 1008 2388 auctoritatemque
1044 2325 1326 2376 censoriam
1355 2327 1642 2389 exemplum
1677 2325 1790 2379 illos
1815 2345 1849 2377 6
1867 2345 1983 2378 con-

153 2430 208 2479 25
237 2416 500 2466 suetudine
536 2415 735 2467 militari
771 2414 1096 2464 transtulisse.
1167 2416 1455 2481 Statuerunt
1486 2417 1621 2466 enim
1658 2415 1727 2466 ita
1770 2417 1984 2469 maiores

196 2558 206 2564 ,
237 2506 408 2568 nostri,
446 2515 515 2568 ut,
555 2505 595 2561 si
632 2523 662 2555 a
697 2505 867 2555 multis
904 2514 1034 2554 esset
1069 2505 1309 2569 flagitium
1346 2507 1415 2554 rei
1440 2504 1666 2556 militaris
1690 2506 1980 2570 admissum,

238 2596 415 2646 sortito
450 2596 502 2645 in
540 2596 787 2660 quosdam
825 2595 1321 2656 animadverteretur,
1359 2605 1413 2645 ut
1449 2604 1611 2645 metus
1647 2596 1882 2647 videlicet
1917 2600 1983 2648 ad

239 2702 431 2746 omneS‚
488 2701 656 2749 poena
705 2686 771 2734 ad
807 2700 1008 2756 'paucos
1058 2684 1352 2748 perveniret.
1430 2683 1584 2747 Quod
1623 2683 1771 2735 idem
1820 2686 1984 2737 facere

239 2791 472 2825 censores
520 2774 572 2822 in
621 2774 819 2824 delectu
867 2773 1123 2838 dignitatis
1171 2782 1221 2823 et
1268 2774 1319 2822 in
1368 2773 1555 2823 iudicio
1603 2773 1788 2824 civium
1835 2784 1885 2826 et
1931 2775 1983 2825 in

152 2881 216 2926 30
241 2866 675 2916 animadversione
700 2867 931 2914 vitiorum
957 2866 1041 2928 qui
1059 2866 1333 2914 convenit?
1369 2865 1504 2913 Nam
1530 2864 1688 2925 miles,
1714 2866 1800 2928 qui
1814 2866 1982 2915 locum

240 2971 345 3005 non
390 2955 563 3014 tenuit,
614 2955 699 3017 qui
736 2954 957 3003 hostium
994 2952 1239 3017 impetum
1276 2954 1476 3016 vimque
1514 2949 1784 3017 pertimuit,
1820 2963 1986 3018 potest

242 3046 380 3095 idem
416 3051 594 3107 postea
621 3051 670 3092 et
707 3043 850 3092 miles
888 3058 996 3091 esse
1033 3043 1209 3091 melior
1245 3049 1295 3090 et
1330 3042 1404 3089 vir
1427 3042 1592 3090 bonus
1618 3050 1668 3092 et
1693 3043 1813 3092 civis
1836 3043 1983 3092 utssis.

244 3136 414 3197 Quare
438 3134 523 3200 qui
548 3133 599 3180 in
624 3133 759 3182 bello
784 3140 986 3196 propter
1005 3133 1223 3182 hostium
1249 3139 1439 3180 metum
1461 3131 1752 3194 deliquerat,
1775 3133 1986 3196 amplior
