2106 3386
169 135 332 175 LXVI.
369 122 493 190 187]
603 122 756 176 PRO
798 122 865 173 A.
909 121 1326 175 CLUENTIO
1370 121 1695 174 ORATIO.
1846 134 1909 187 71

165 260 358 311 tabellis
383 263 448 311 de
474 263 602 311 furto
626 262 764 310 nulla
788 262 948 310 littera
974 259 1235 308 invenitur.
1300 261 1421 309 Non
1444 259 1582 308 venit
1600 260 1650 307 in
1676 269 1913 320 mentem,

163 351 380 415 primurn
405 352 683 400 orationem
709 349 950 400 Stratonis
977 348 1294 398 conscribere
1320 348 1383 397 de
1409 350 1554 408 furto,
1577 357 1692 411 post
1711 348 1915 411 aliquod

161 439 352 488 dictum
377 439 646 502 adiungere
671 440 736 488 de
774 454 988 498 veneno,
1034 438 1174 501 quod
1210 453 1314 486 non
1351 437 1729 500 percontatione
1766 453 1916 500 quae-

161 527 325 589 situm,
375 529 465 577 sed
507 545 596 591 per
637 529 863 577 dolorem
905 542 1193 590 expressum
1231 526 1490 574 videretur.
1569 525 1812 588 Quaestio
1848 527 1914 575 de

162 617 292 666 furto
316 625 404 676 est,
431 615 613 665 veneni
651 616 751 664 iam
791 614 1010 682 suspicio
1050 613 1305 677 superiore
1347 613 1641 678 quaestione
1684 615 1912 684 sublata:

159 707 300 769 quod
324 705 487 770 ipsum
513 707 637 754 haec
663 704 841 754 eadem
868 703 1045 753 mulier
1071 703 1326 764 iudicarat,
1354 720 1485 767 quae
1521 712 1574 776 ut
1613 705 1809 752 Rornae
1847 705 1912 752 de

157 794 437 842 amicorum
462 792 710 842 sententia
734 801 972 843 statuerat
998 790 1115 840 satis
1142 808 1250 840 esse
1288 790 1583 854 quaesitum,
1613 801 1789 854 postea
1823 807 1914 854 per

158 881 428 930 triennium
454 881 669 945 maxime
695 898 754 929 ex
774 879 1005 929 omnibus
1022 880 1173 928 servis
1194 881 1476 929 Stratonem
1496 879 1633 927 illurn
1654 878 1909 939 dilexerat,

158 969 211 1018 in
236 971 426 1019 honore
451 970 708 1030 habuerat,
738 967 1020 1017 commodis
1046 967 1281 1016 omnibus
1306 968 1572 1017 adfecerat.
1627 967 1737 1032 185.
1779 969 1910 1017 Cum

157 1058 305 1122 igitur
328 1060 392 1108 de
416 1060 546 1107 furto
571 1067 889 1121 quaereretur
927 1066 977 1106 et
1014 1073 1076 1107 eo
1114 1058 1256 1117 furto,
1286 1058 1425 1119 quod
1464 1058 1546 1106 ille
1583 1056 1690 1106 sine
1715 1066 1911 1105 contro-

158 1147 317 1196 versia
362 1147 558 1208 fecerat,
601 1156 708 1194 turn
755 1146 837 1194 ille
886 1145 950 1194 de
1000 1161 1076 1205 eo,
1119 1146 1259 1208 quod
1313 1146 1656 1208 quaerebatur,
1701 1147 1907 1194 verbum

158 1237 350 1284 nullum
374 1235 528 1284 fecit?
566 1237 644 1283 De
686 1251 883 1284 veneno
926 1235 1093 1283 statim
1136 1233 1295 1283 dixit?
1349 1234 1412 1282 de
1455 1235 1584 1282 furto
1624 1233 1666 1282 si
1706 1250 1811 1283 non
1846 1250 1907 1283 eo

156 1325 286 1384 loco,
313 1340 415 1386 quo
439 1324 625 1383 debuit,
654 1339 717 1371 ne
744 1322 794 1370 in
820 1332 1042 1372 extrema
1066 1322 1272 1386 quidem
1309 1332 1393 1371 aut
1417 1324 1585 1372 media
1620 1331 1705 1371 aut
1741 1322 1908 1386 aliqua

155 1411 374 1475 denique
399 1421 538 1475 parte
563 1411 871 1475 quaestionis
897 1413 1102 1462 verbum
1129 1411 1247 1460 fecit
1273 1412 1473 1460 ullum?

247 1503 433 1550 LXVI.
497 1503 606 1550 Iam
653 1500 835 1550 videtis
883 1500 1020 1549 illam
1081 1502 1321 1548 nefariam
1370 1501 1644 1559 mulierem,
1696 1500 1902 1561 iudices,

152 1591 334 1639 eadem
358 1606 526 1651 manu,
555 1606 666 1653 qua,
696 1589 737 1638 si
762 1591 910 1639 detur
934 1599 1170 1653 potestas,
1200 1589 1478 1639 interficere
1521 1590 1677 1637 filium
1717 1589 1900 1653 cupiat,

153 1678 283 1726 hanc
307 1680 476 1727 fictam
502 1678 849 1741 quaestionem
891 1678 1262 1742 conscripsisse.
1351 1681 1520 1742 Atque
1560 1679 1706 1727 istam
1742 1679 1904 1742 ipsam

151 1768 497 1830 quaestionem
521 1767 672 1816 dicite
709 1767 793 1830 qui
821 1766 1092 1830 obsignarit
1130 1784 1285 1815 unum
1321 1767 1540 1830 aliquem
1577 1766 1904 1816 nominatim:

152 1854 407 1904 neminem
431 1855 700 1918 reperietis,
730 1854 826 1903 nisi
852 1857 978 1904 forte
1004 1854 1109 1903 eius
1146 1856 1287 1903 modi
1323 1853 1596 1915 hominem,
1625 1871 1774 1917 quem
1811 1871 1904 1918 ego

153 1944 358 2007 proferri
393 1943 565 1993 malim
592 1961 742 2007 quarn
779 1943 1036 1993 neminem
1070 1943 1329 1992 nominari.
1410 1942 1518 1994 186.
1563 1943 1702 2005 Quid
1727 1943 1813 2003 ais,
1840 1945 1899 1991 T.

153 2031 318 2082 Acci?
354 2042 407 2082 tu
431 2033 705 2096 periculum
730 2033 924 2096 capitis,
965 2042 1019 2082 tu
1062 2032 1306 2081 indicium
1346 2032 1559 2094 sceleris,
1602 2041 1654 2080 tu
1681 2033 1902 2081 fortunas

150 2120 350 2169 alterius
375 2121 549 2171 litteris
574 2121 882 2185 conscriptas
908 2121 958 2170 in
984 2120 1226 2170 iudicium
1264 2121 1458 2169 adferas
1480 2140 1489 2169 ε
1526 2137 1693 2183 neque
1730 2137 1902 2169 earum

149 2218 408 2258 auctorem
432 2210 709 2259 litterarum
734 2227 899 2273 neque
926 2211 1298 2273 obsignatorem
1324 2226 1487 2272 neque
1525 2218 1707 2258 testem
1744 2210 1902 2258 ullum

152 2297 471 2347 nominabis?
506 2308 556 2348 et
582 2315 733 2362 quam
758 2308 813 2348 tu
837 2308 1033 2362 pestem
1058 2297 1472 2348 innocentissimo
1499 2297 1601 2346 filio
1629 2299 1694 2347 de
1730 2297 1901 2346 matris

151 2386 262 2436 sinu
288 2388 668 2451 deprompseris,
696 2390 828 2436 hanc
864 2388 917 2436 hi
954 2390 1078 2437 tales
1111 2387 1202 2436 viri
1227 2388 1673 2450 comprobabunt?
1744 2389 1900 2437 Esto:

151 2473 203 2523 in
228 2476 423 2525 tabellis
442 2476 566 2525 nihil
592 2486 666 2526 est
692 2476 1001 2526 auctoritatis
1022 2496 1032 2526 :
1070 2476 1209 2540 quid,
1238 2476 1347 2539 ipsa
1373 2475 1600 2538 quaestio
1637 2476 1896 2537 iudicibus,

151 2563 288 2626 quid,
315 2565 486 2614 amicis
510 2566 889 2630 hospitibusque
927 2565 1213 2630 Oppianici,
1252 2581 1379 2627 quos
1415 2564 1712 2613 adhibuerat
1736 2573 1899 2625 antea,

150 2651 288 2714 quid,
309 2652 426 2701 huic
450 2655 655 2704 tandem
680 2654 774 2718 ipsi
799 2655 1012 2719 tempori
1038 2671 1125 2703 cur
1147 2670 1249 2703 non
1277 2662 1469 2702 servata
1485 2655 1596 2702 est?
1633 2653 1768 2715 Quid
1794 2652 1900 2702 istis

150 2740 437 2790 hominibus
461 2744 649 2791 factum
674 2753 762 2803 est,
792 2746 1023 2793 Stratone
1049 2752 1098 2791 et
1124 2744 1453 2791 Nicostrato?
1540 2741 1653 2807 187.
1694 2744 1898 2804 Quaero

1940 1077 1999 1108 10

1930 1961 1992 1992 20

149 2830 239 2877 abs
287 2838 350 2890 te,
401 2829 697 2893 Oppianice,
747 2848 890 2881 servo
934 2842 1021 2880 tuo
1065 2831 1352 2879 Nicostrato
1395 2832 1517 2893 quid
1559 2832 1745 2879 factum
1788 2847 1897 2880 esse
1920 2843 1986 2890 30

149 2919 316 2968 dicas:
353 2936 503 2983 quem
540 2929 606 2980 tu,
646 2937 762 2970 cum
800 2923 936 2970 hunc
971 2920 1109 2971 brevi
1134 2930 1359 2982 ternpore
1396 2928 1719 2968 accusaturus
1744 2935 1893 2980 esses,

151 3010 367 3058 Romam
417 3010 682 3070 deducere,
726 3011 845 3060 dare
897 3018 1199 3074 potestatem
1259 3008 1532 3069 indicandi,
1590 3008 1896 3057 incolumem

151 3099 369 3162 denique
395 3114 588 3148 servare
614 3099 906 3161 quaestioni,
936 3114 1129 3148 servare
1155 3096 1231 3145 his
1255 3096 1523 3158 iudicibus,
1551 3113 1743 3146 servare
1780 3095 1897 3144 huic
