2106 3386
135 125 256 165 LXI.
291 111 412 180 170]
568 111 720 164 PRO
760 110 827 161 A.
871 109 1286 162 CLUENTIO
1329 108 1655 161 ORATIO.
1804 108 1871 174 65

134 252 303 300 fendit.
381 249 494 303 168.
535 252 682 313 Nego
717 251 855 297 illurn
897 249 1290 307 adulescentem,
1332 263 1483 310 quem
1520 248 1686 295 statim
1724 255 1874 309 epoto

131 341 317 404 poculo
341 348 593 388 mortuum
618 354 726 387 esse
751 338 956 398 dixistis,
1002 336 1210 386 omnino
1236 337 1323 384 illo
1354 337 1436 384 die
1461 351 1569 383 esse
1608 344 1872 383 mortuum.

132 430 374 492 Magnum
399 429 588 476 crimen
614 436 663 475 et
687 427 955 489 impudens
981 426 1318 473 mendacium.
1395 425 1668 487 Perspicite
1695 433 1873 472 cetera.

0 541 3 542 ⁷
135 517 264 565 Dico
305 517 458 576 illurn,
503 532 619 564 cum
643 516 709 564 ad
734 515 855 562 illud
911 514 1177 577 prandium
1218 514 1418 575 crudior
1455 514 1673 561 venisset
1716 522 1778 572 et,
1824 522 1879 560 ut

131 613 267 654 aetas
291 606 374 652 illa
398 606 504 665 fert,
534 605 626 652 sibi
653 613 755 651 tum
781 619 885 651 non
910 604 1228 666 pepercisset,
1251 603 1443 664 aliquot
1464 603 1572 651 dies
1594 611 1877 666 aegrotasse
1939 609 1965 657 5

131 702 181 743 et
205 695 274 742 ita
299 709 405 742 esse
430 701 696 741 mortuum.
774 693 901 753 Quis
925 691 1043 739 huic
1067 693 1137 739 rei
1163 692 1300 740 testis
1328 700 1402 739 est
1419 694 1442 740 ?
1479 692 1640 751 Idem,
1681 690 1767 754 qui
1803 693 1878 739 sui

131 784 306 842 luctus,
330 790 498 845 pater:
536 790 688 844 pater,
712 782 930 843 inquam,
954 781 1082 828 illius
1102 781 1435 828 adulescentis
1459 799 1468 828 ;
1507 796 1656 842 quem
1676 789 1881 843 propter

131 871 284 924 animi
311 870 539 934 dolorem
565 870 816 931 pertenuis
845 869 1062 931 suspicio
1088 869 1334 930 potuisset
1361 884 1420 916 ex
1446 869 1533 917 illo
1559 870 1674 917 loco
1699 877 1877 917 testem

132 958 184 1007 in
209 961 269 1007 A.
299 960 591 1009 Cluentium
617 959 934 1016 constituere,
963 959 1002 1005 is
1029 958 1162 1005 hunc
1188 974 1278 1006 suo
1304 959 1595 1007 testimonio
1622 958 1877 1018 sublevat3

129 1047 269 1111 quod
293 1048 456 1096 recita.
531 1049 612 1094 Tu
638 1055 820 1107 autem,
845 1048 939 1095 nisi
958 1047 1228 1095 molestum
1250 1055 1339 1106 est,
1361 1048 1618 1109 paulisper
1638 1063 1844 1110 exsurge
1867 1066 1877 1096 t
1910 1061 1970 1092 10

131 1138 293 1201 perfer
327 1137 464 1184 hunc
499 1136 727 1184 dolorem
763 1136 1257 1184 commemorationis
1295 1137 1642 1206 necessariae:
1679 1137 1730 1202 in
1780 1152 1880 1200 qua

130 1241 223 1288 ego
244 1226 427 1294 diutius
452 1240 556 1272 non
576 1225 821 1284 morabor,
843 1225 1096 1296 quoniam,
1119 1225 1259 1286 quod
1275 1225 1366 1277 fuit
1382 1225 1469 1287 viri
1489 1225 1681 1287 optimi,
1702 1225 1875 1293 fecisti,

132 1323 186 1384 ut
209 1330 274 1376 ne
297 1312 378 1361 cui
403 1314 661 1371 innocenti
688 1294 880 1370 maeror
904 1321 1018 1361 tuus
1043 1314 1381 1361 calamitatem
1406 1322 1456 1361 et
1481 1314 1663 1361 falsum
1689 1314 1878 1361 crimen

131 1385 361 1466 adferret.
1232 1383 1241 1390 ¹

199 1493 334 1539 LXI.
378 1489 491 1555 169.
531 1492 706 1540 Unum
741 1492 892 1550 etiam
927 1491 1049 1558 mihi
1085 1493 1332 1561 reliquum
1371 1492 1476 1554 eius
1513 1492 1653 1553 modi
1689 1491 1878 1539 crimen
1907 1501 1964 1551 15

129 1590 217 1640 est,
267 1581 473 1638 iudices,
523 1595 583 1628 ex
630 1595 733 1642 quo
780 1580 904 1628 illud
951 1582 1234 1643 perspicere
1282 1581 1496 1643 possitis,
1548 1579 1684 1642 quod
1733 1595 1762 1626 a
1797 1596 1879 1628 me

130 1670 272 1718 initio
321 1671 557 1719 orationis
581 1653 584 1657 Δ
606 1685 750 1717 meae
797 1670 987 1717 dictum
1024 1678 1130 1718 est:
1170 1670 1412 1737 quicquid
1449 1669 1567 1736 mali
1602 1685 1690 1731 per
1725 1668 1878 1717 hosce

131 1773 289 1807 annos
331 1760 392 1806 A.
439 1760 702 1808 Cluentius
739 1757 930 1818 viderit,
970 1759 1211 1822 quicquid
1248 1759 1347 1807 hoc
1384 1767 1610 1821 tempore
1647 1759 1878 1806 habuerit

129 1847 476 1895 sollicitudinis
525 1863 583 1896 ac
631 1848 835 1910 negotii,
885 1847 939 1895 id
987 1863 1138 1896 omne
1187 1864 1216 1895 a
1252 1856 1411 1896 matre
1449 1863 1559 1896 esse
1585 1848 1873 1897 conflatum

130 1936 466 1999 Oppianicum
503 1953 699 1986 veneno
734 1944 969 1984 necatum
996 1951 1119 1992 esse,
1148 1938 1286 1998 quod
1311 1938 1356 1985 ei
1383 1937 1555 1985 datum
1582 1937 1644 1985 sit
1668 1937 1718 1983 in
1744 1952 1876 1999 pane
1904 1949 1966 1980 20

129 2040 217 2088 per
254 2027 325 2074 Μ.
367 2027 611 2074 Asellium
660 2026 928 2088 quendam,
980 2027 1272 2075 familiarem
1323 2027 1469 2086 illius,
1508 2026 1661 2088 idque
1699 2026 1878 2074 Habiti

129 2115 337 2162 consilio
378 2115 564 2163 factum
602 2130 708 2164 esse
753 2114 930 2162 dicitis.
1007 2116 1070 2162 In
1112 2131 1212 2178 quo
1254 2114 1472 2178 primum
1515 2115 1637 2175 illud
1674 2130 1873 2177 quaero,

130 2217 257 2264 quae
282 2218 433 2266 causa
470 2204 663 2252 Habito
701 2203 860 2261 fuerit,
898 2219 986 2250 cur
1022 2205 1298 2252 interficere
1335 2204 1675 2266 Oppianicum
1711 2183 1868 2251 vellet.

132 2290 423 2340 Inimicitias
459 2294 592 2341 enim
629 2292 777 2341 fuisse
816 2294 1076 2353 confiteor,
1115 2294 1205 2343 sed
1241 2291 1475 2342 homines
1501 2291 1731 2341 inimicos
1758 2307 1875 2340 suos

130 2389 287 2430 morte
323 2380 472 2431 adfici
506 2383 696 2444 volunt,
725 2393 810 2433 aut
837 2384 973 2447 quod
999 2399 1085 2432 eos
1112 2390 1341 2431 metuunt
1366 2390 1451 2430 aut
1477 2381 1615 2444 quod
1641 2381 1872 2430 oderunt.
1901 2397 1960 2447 25

131 2475 244 2534 170.
271 2471 390 2533 Quo
413 2472 619 2534 tandem
644 2473 790 2540 igitur
820 2473 1039 2522 Habitus
1075 2481 1215 2521 metu
1241 2472 1491 2537 adductus
1517 2479 1714 2519 tantum
1741 2470 1793 2518 in
1819 2487 1873 2519 se

127 2558 319 2609 facinus
344 2561 594 2624 suscipere
615 2573 826 2612 conatus
846 2565 958 2612 est?
994 2561 1113 2625 quid
1135 2556 1238 2609 erat
1258 2561 1394 2623 quod
1414 2560 1512 2608 iam
1534 2558 1872 2622 Oppianicum

129 2662 293 2709 poena
317 2649 571 2698 adfectum
596 2666 687 2713 pro
712 2651 973 2700 maleficiis
998 2660 1047 2699 et
1083 2651 1299 2699 eiectum
1326 2665 1355 2698 e
1380 2649 1580 2697 civitate
1606 2650 1871 2711 quisquam

129 2735 360 2786 timeret?
395 2740 518 2801 quid
553 2741 845 2790 metuebat?
879 2757 945 2789 ne
981 2748 1354 2803 oppugnaretur
1389 2755 1419 2786 a
1454 2737 1666 2801 perdito,
1705 2754 1771 2786 an
1807 2754 1871 2787 ne

74 2811 76 2813 .
130 2834 443 2874 accusaretur
482 2843 512 2875 a
548 2829 805 2890 damnato,
841 2845 907 2878 an
943 2845 1008 2877 ne
1033 2826 1215 2877 exsulis
1242 2827 1531 2875 testimonio
1555 2827 1871 2875 laederetur?
1895 2839 1960 2886 30

131 2911 182 2961 Si
217 2922 385 2962 autern
422 2917 560 2978 quod
595 2917 770 2966 oderat
807 2916 1028 2966 Habitus
1065 2916 1336 2975 inimicum,
1373 2914 1560 2964 idcirco
1595 2914 1735 2962 illum
1771 2916 1873 2963 vita

130 2999 220 3048 frui
243 3002 418 3062 noluit,
447 3003 644 3053 adeone
663 3014 767 3054 erat
785 3007 983 3065 stultus,
1006 3014 1060 3053 ut
1080 3004 1233 3063 illam,
1256 3019 1407 3066 quam
1426 3011 1533 3051 tum
1553 3002 1636 3052 ille
1654 3003 1868 3062 vivebat,

127 3089 279 3138 vitam
305 3106 415 3141 esse
439 3091 769 3154 arbitraretur,
798 3094 1036 3154 damnati,
1065 3094 1262 3154 exsuliS,
1290 3092 1474 3142 deserti
1515 3092 1578 3141 ab
1618 3091 1869 3151 omnibuS,

987 3202 1019 3235 E
