2106 3386
280 121 348 171 62
557 120 709 172 PRO
749 120 818 171 A.
861 118 1280 173 CLUENTIO
1324 118 1649 172 ORATIO.
1693 118 1884 187 [LVIII.
1922 121 2021 171 160

280 276 388 309 esse
414 262 726 323 permissum,
754 268 994 323 quantum
1031 259 1356 309 commissum
1381 258 1442 327 sit
1482 267 1531 308 et
1555 258 1816 319 creditum,
1844 266 1894 308 et
1917 274 2021 308 non

280 351 442 398 solum
466 349 561 399 sibi
585 357 882 414 potestatem
911 349 1095 408 datam,
1117 365 1290 398 verum
1317 347 1467 397 etiam
1483 348 1637 418 fidem
1663 347 1887 418 habitam
1912 363 2020 397 esse

280 439 598 487 meminisse:
636 454 783 503 posse
824 454 975 500 quem
1023 436 1185 487 oderit
1221 438 1495 496 absolvere,
1534 454 1685 500 quem
1721 453 1824 486 non
1861 435 2023 486 oderit
2091 477 2098 484 .

280 529 631 588 condemnare,
659 537 708 577 et
745 544 940 597 semper
976 543 1079 577 non
1115 526 1236 591 quid
1272 526 1379 590 ipse
1404 528 1535 587 velit,
1575 528 1665 576 sed
1701 527 1823 591 quid
1859 529 1938 585 lex
1974 535 2023 576 et

228 623 252 671 5
280 616 452 681 religio
477 626 622 680 cogat
646 616 863 680 cogitare
886 637 897 666 z
923 616 1318 667 animadvertere
1344 633 1445 680 qua
1469 617 1578 680 lege
1601 633 1714 667 reus
1740 615 1931 683 citetur,
1959 617 2023 665 de

281 723 381 769 quo
419 691 835 770 reocognoscat,
876 723 1005 770 quae
1048 723 1124 756 res
1167 706 1219 755 in
1257 706 1552 770 quaestione
1588 716 1817 756 versetur.
1893 707 2023 771 Cum

282 798 405 844 11366
430 805 544 844 sunt
568 795 801 856 videnda,
830 805 936 853 tum
962 812 1079 845 vero
1105 795 1230 844 illud
1256 805 1329 845 est
1354 795 1571 845 hominis
1607 795 1788 860 magni,
1816 794 2024 855 iudices,

281 895 431 949 atque
457 885 710 949 sapientis,
728 901 843 933 cum
868 885 1003 935 illam
1029 884 1287 934 iudicandi
1313 901 1464 933 causa
1483 886 1720 934 tabellam
1746 883 2024 948 sumpserit,

280 991 385 1023 non
423 991 475 1023 se
502 984 729 1037 reputare
766 976 928 1023 solum
966 991 1075 1024 esse
1112 990 1279 1037 neque
1316 973 1411 1024 sibi
1447 973 1807 1038 quodcumque
1843 989 2025 1023 concu-

199 1080 256 1109 10
282 1063 425 1128 pierit
450 1064 613 1125 licere,
641 1065 730 1113 sed
766 1065 951 1128 habere
988 1066 1039 1111 in
1075 1063 1287 1113 consilio
1324 1065 1499 1131 legem,
1527 1062 1833 1128 religionem,
1859 1062 2027 1130 aequi-

281 1161 449 1213 tatem,
488 1153 673 1202 fidem:
709 1151 971 1202 libidinem
1009 1162 1189 1213 autem,
1219 1152 1406 1215 odium,
1434 1151 1692 1219 invidiam,
1719 1139 1907 1201 metum
1944 1168 2026 1201 cu-

280 1242 614 1306 piditatesque
652 1258 826 1291 omnes
863 1258 1096 1306 amovere
1132 1240 1438 1306 maximique
1474 1240 1735 1313 aestimare
1771 1240 2028 1291 conscien-

281 1332 402 1381 tiam
428 1331 608 1381 mentis
635 1348 768 1392 suae,
796 1348 945 1395 quam
972 1333 1034 1380 ab
1061 1331 1139 1381 dis
1159 1330 1526 1380 immortalibus
1563 1329 1868 1394 accepimuS‚
1895 1347 2024 1395 quae

281 1437 311 1468 a
347 1419 493 1487 nobis
530 1419 698 1501 dQli
734 1436 838 1468 non
876 1428 1072 1483 potest:
1110 1436 1239 1483 quae
1277 1419 1317 1468 si
1361 1419 1666 1483 optimorum
1702 1419 2025 1483 consiliorum

203 1521 253 1570 15
281 1520 430 1574 atque
455 1511 697 1559 factorum
722 1508 861 1558 testis
888 1508 938 1556 in
965 1508 1103 1558 omni
1127 1508 1227 1558 vita
1252 1508 1399 1558 nobis
1426 1508 1531 1569 erit,
1550 1509 1658 1558 sine
1682 1510 1786 1558 ullo
1813 1518 1950 1559 metu
1976 1519 2025 1559 et

283 1616 476 1649 summa
509 1616 624 1648 cum
650 1601 912 1648 honestate
946 1597 1180 1648 vivemus.
1259 1596 1367 1651 160.
1401 1601 1548 1670 Haec
1574 1597 1614 1648 si
1638 1600 1698 1647 T.
1729 1597 1915 1648 Accius
1939 1607 2026 1647 aut

281 1688 595 1754 cognovisset
621 1697 706 1737 aut
731 1686 1013 1751 cogitasset,
1041 1687 1268 1749 profecto
1303 1703 1367 1736 116
1401 1696 1611 1737 conatus
1649 1687 1856 1750 quidem
1894 1696 2025 1736 esset

285 1779 466 1841 dicere,
489 1778 541 1828 id
566 1777 705 1841 quod
747 1776 914 1825 multis
939 1775 1106 1825 verbis
1145 1775 1258 1846 egit,
1287 1775 1524 1837 iudicem,
1552 1776 1691 1839 quod
1709 1775 1756 1835 ei
1780 1775 2023 1838 videatur,

283 1877 499 1918 statuere
547 1877 597 1916 et
633 1884 734 1916 non
773 1865 1063 1916 devinctum
1097 1864 1292 1929 legibus
1336 1882 1445 1915 esse
1482 1875 1725 1930 oportere.
1827 1865 2026 1928 Quibus

2042 793 2106 837 ⁴.)

2038 836 2106 916 «5¹¹

198 1972 258 2001 20
284 1959 347 2008 de
383 1960 528 2008 rebus
565 1957 689 2026 mihi
732 1973 821 2020 pro
858 1955 1061 2007 Cluenti
1086 1957 1345 2005 voluntate
1385 1955 1609 2016 nimium,
1636 1972 1730 2020 pro
1762 1958 1834 2007 rei
1871 1954 2027 2021 digni·
2098 1962 2101 1964 ’

283 2057 385 2098 1316
409 2063 600 2111 parum,
627 2062 717 2109 pro
734 2054 896 2094 vestra
921 2044 1188 2108 prudentia
1213 2044 1330 2094 satis
1356 2044 1538 2094 dixisse
1564 2044 1754 2095 videor.
1806 2046 2027 2111 Reliqua

284 2153 537 2200 perpauca
575 2144 704 2196 sunt,
732 2151 875 2198 quae,
911 2135 1028 2197 quia
1063 2143 1255 2184 vestrae
1292 2133 1598 2198 quaestionis
1635 2143 1789 2196 erant,
1835 2135 2026 2187 idcirco

285 2225 355 2288 illi
391 2233 668 2275 statuerunt
704 2224 942 2287 fingenda
978 2239 1088 2272 esse
1125 2222 1219 2272 sibi
1255 2232 1305 2272 et
1343 2224 1656 2287 proferenda,
1695 2240 1760 2274 ne
1797 2223 2026 2274 omnium

283 2314 555 2378 turpissimi
591 2315 934 2377 reperirentur,
963 2312 1002 2361 si
1039 2312 1090 2360 in
1128 2312 1367 2362 iudicium
1404 2312 1530 2362 nihil
1566 2322 1760 2377 praeter
1783 2312 2025 2375 invidiam

200 2413 256 2461 25
284 2405 577 2454 attulissent.
677 2466 679 2468 K

354 2495 486 2542 LIX.
528 2495 697 2556 Atque
734 2501 786 2541 ut
811 2490 1101 2541 existimetis
1137 2508 1217 2541 me
1254 2493 1537 2540 necessario
1563 2492 1627 2541 de
1663 2491 1740 2541 his
1776 2493 1938 2562 rebus,
1964 2491 2027 2541 de

286 2584 466 2646 quibus
502 2581 599 2631 iam
638 2580 861 2641 dixerim,
888 2580 1110 2643 pluribus
1147 2581 1306 2644 egisse
1331 2580 1506 2641 verbis,
1535 2580 1780 2631 attendite
1804 2582 2026 2644 reliqua:

285 2673 512 2735 profecto
558 2670 855 2735 intellegetis
893 2686 963 2731 ea,
1005 2686 1133 2733 quae
1170 2669 1343 2733 paucis
1392 2671 1724 2721 demonstrari
1758 2669 2025 2735 potuerint,

286 2760 575 2810 brevissime
600 2776 708 2808 esse
735 2760 951 2809 defensa.

199 2862 263 2907 30
358 2849 470 2904 161.
512 2852 604 2901 Cn.
635 2849 852 2899 Decidio
878 2848 1103 2909 Samniti,
1133 2849 1192 2909 ei,
1220 2849 1305 2912 qui
1342 2849 1649 2914 proscriptus
1686 2858 1772 2912 est,
1800 2847 2027 2918 iniuriam
2051 2847 2058 2850 ”

287 2938 339 2987 111
363 2937 647 2988 calamitate
673 2937 779 2987 eius
803 2939 868 2987 ab
894 2939 1039 2987 huius
1077 2937 1264 2986 familia
1301 2939 1482 2987 factam
1520 2956 1629 2989 esse
1665 2939 1873 2990 dixistis
1945 2939 2027 2987 Ab

287 3029 427 3077 nullo
464 3027 546 3077 ille
583 3028 833 3077 liberalius
881 3044 1032 3090 quam
1080 3044 1110 3076 a
1147 3026 1380 3078 Cluentio
1417 3037 1651 3078 tractatus
1687 3037 1774 3077 est.
1863 3026 2029 3076 Huius

289 3118 425 3166 illum
452 3133 574 3180 opes
612 3118 660 3163 in
688 3118 833 3165 rebus
871 3118 974 3165 eius
1012 3115 1485 3165 incommodissimis
1522 3119 1852 3176 sublevarunt‚
1881 3126 2028 3179 atque
