2106 3386
248 163 315 212 42
580 145 734 197 PRO
778 145 844 196 A.
888 143 1306 197 CLUENTIO
1349 141 1675 195 ORATIO.
1737 141 1854 208 [XL.
1890 130 1990 212 ΠΟ

245 287 369 336 illud
394 287 493 335 iam
518 287 681 349 ipsum
707 286 887 334 acerbe
923 283 1101 345 tulerit,
1129 300 1191 332 ex
1231 299 1334 347 quo
1377 281 1461 330 illa
1503 290 1621 330 nata
1655 290 1770 330 sunt
1806 281 1987 340 omnia,

244 392 349 425 non
385 374 479 425 sibi
515 391 575 423 ac
612 372 893 424 defensioni
931 389 1049 422 suae
1099 373 1443 422 condonatum
1482 386 1590 420 esse
1624 369 1960 434 Oppianicum
1981 388 2055 439 :s-

1958 440 1983 457 κ

244 464 457 528 proinde
482 464 624 529 quasi
650 480 753 512 non
779 462 896 527 satis
921 461 1050 531 signi
1090 478 1198 510 esse
1239 459 1466 532 debuerit
1508 459 1571 509 ab
1608 459 1841 508 omnibus
1876 474 1990 507 eum

246 539 398 605 fuisse
434 557 699 615 desertum,
727 553 814 618 qui
838 570 892 603 se
917 553 982 602 ad
1010 561 1275 616 patronum
1318 550 1457 599 illum
1494 550 1797 599 contulisset.
1874 550 1994 596 Erat

195 657 220 706 5
246 644 381 694 enim
407 647 603 693 Romae
643 659 837 692 summa
879 641 1027 706 copia
1067 651 1407 705 patronorum,
1447 639 1711 688 hominum
1758 639 1993 702 eloquen-

244 733 551 784 tissimorum
588 742 738 797 atque
782 731 1219 795 amplissimorum,
1265 745 1479 794 quorum
1522 736 1657 778 certe
1697 726 1876 792 aliquis
1912 727 1994 776 de-

245 823 484 873 fendisset
532 822 750 886 equitem
800 824 1099 881 Romanum,
1139 822 1191 868 in
1239 818 1514 882 municipio
1551 834 1642 868 suo
1677 817 1913 877 nobilem,
1954 815 1995 865 si

247 916 457 963 honeste
482 921 703 977 putasset
729 911 834 961 eius
859 910 999 960 modi
1023 926 1226 959 causam
1251 925 1398 972 posse
1425 907 1644 957 defendi.
1706 926 1710 927 ⁷

313 1006 419 1052 XL.
451 1014 560 1055 110.
591 1005 722 1050 Nam
749 1000 1014 1064 Quinctius
1031 1000 1236 1064 quidem
1256 1014 1407 1062 quam
1433 1014 1635 1056 causam
1655 1013 1894 1063 umquam
1913 1012 1994 1045 an-

167 1105 225 1135 10
248 1103 328 1143 tea
353 1094 558 1152 dixerat,
580 1109 696 1141 cum
722 1107 881 1140 annos
907 1091 972 1163 ad
988 1089 1350 1154 quinquaginta
1375 1098 1522 1137 natus
1547 1091 1716 1137 esset?
1741 1087 1852 1151 quis
1878 1102 1994 1136 eum

248 1199 488 1246 umquam
514 1197 616 1230 non
642 1182 796 1236 modo
820 1180 870 1228 in
896 1179 1106 1244 patroni,
1135 1180 1225 1229 sed
1261 1180 1312 1227 in
1337 1179 1608 1228 laudatoris
1645 1186 1728 1226 aut
1765 1175 1996 1226 advocati

249 1273 363 1341 loco
387 1273 618 1321 viderat?
654 1272 741 1335 qui
766 1271 903 1334 quod
929 1273 1112 1341 Rostra
1135 1270 1234 1317 iam
1260 1269 1346 1317 diu
1371 1285 1527 1317 vacua
1550 1269 1820 1331 locumque
1858 1265 1995 1314 illum
2012 1271 2017 1281 ‘'

249 1370 363 1424 post
386 1362 657 1410 adventum
684 1363 739 1409 L.
769 1361 936 1408 Sullae
961 1376 990 1407 a
1015 1358 1278 1408 tribunicia
1296 1373 1422 1407 voce
1448 1358 1696 1406 desertum
1718 1370 1998 1419 oppresser-
2047 1364 2050 1366 ’

249 1461 311 1512 at,
340 1451 812 1520 multitudinemque
838 1452 1179 1501 desuefactam
1205 1452 1303 1498 iam
1329 1467 1359 1518 a
1383 1450 1703 1499 contionibus
1728 1448 1793 1498 ad
1818 1446 1998 1498 veteris

168 1545 223 1595 15
249 1539 626 1591 consuetudinis
663 1524 1056 1590 similitudinem*
1078 1548 1348 1599 revocarat,
1376 1538 1565 1588 idcirco
1602 1539 1803 1588 cuidam
1839 1537 1995 1586 homi-

249 1645 372 1678 num
396 1629 565 1693 generi
588 1631 841 1693 paulisper
865 1615 1129 1702 iucupdior
1153 1627 1259 1677 fuit.
1358 1630 1527 1691 Atque
1553 1626 1692 1676 idem
1729 1634 1920 1690 quanto
1944 1625 1994 1674 in

251 1719 370 1768 odio
395 1728 572 1783 postea
598 1721 699 1768 suis
725 1718 844 1782 ipsis
870 1718 975 1778 fuit,
1004 1735 1091 1782 per
1116 1734 1243 1782 quos
1268 1719 1320 1765 in
1345 1717 1573 1766 altiorem
1601 1717 1770 1764 locum
1794 1715 1999 1764 ascend-

251 1810 376 1856 erat!
414 1823 578 1871 neque
603 1805 792 1855 iniuria.
872 1818 983 1857 111.
1023 1805 1194 1855 Facite
1232 1804 1367 1854 enim
1404 1814 1458 1854 ut
1484 1821 1586 1854 non
1624 1805 1786 1854 solum
1833 1819 1998 1871 mores

251 1905 299 1945 et
323 1897 667 1959 adrogantiam
693 1896 813 1957 eius,
840 1898 929 1945 sed
966 1895 1118 1945 etiam
1143 1896 1333 1944 voltum
1372 1904 1524 1958 atque
1560 1892 1799 1942 amictum
1847 1882 1998 1958 atque

168 2002 228 2032 20
252 1985 401 2034 etiam
432 1987 569 2034 illam
596 2002 753 2050 usque
778 1986 845 2034 ad
870 1987 998 2059 talos
1037 1983 1307 2054 demissam
1343 2000 1613 2054 purpuram
1650 1981 1994 2034 recordemini.>

253 2078 318 2135 Is,
346 2075 488 2139 quasi
520 2092 622 2125 non
661 2085 791 2125 esset
828 2076 929 2124 ullo
972 2075 1128 2124 modo
1174 2075 1435 2124 ferendum
1477 2089 1529 2122 se
1570 2090 1630 2123 ex
1671 2072 1862 2122 iudicio
1901 2072 1999 2122 dis-

252 2166 458 2215 cessisse
492 2167 692 2226 victum,
721 2182 825 2214 rem
864 2182 895 2213 a
933 2164 1178 2214 subselliis
1218 2164 1282 2212 ad
1323 2166 1507 2212 Rostra
1545 2162 1738 2213 detulit.
1812 2162 1999 2212 Etiam

253 2255 503 2319 querimur
527 2272 675 2319 saepe
701 2254 988 2305 hominibus
1024 2255 1167 2303 novis
1191 2270 1294 2302 non
1320 2254 1436 2303 satis
1461 2269 1669 2317 magnos
1693 2252 1744 2301 in
1769 2253 1865 2302 hac
1889 2250 2002 2302 civi-

253 2353 352 2394 tate
372 2361 478 2394 esse
497 2346 722 2410 fructus?
780 2346 927 2408 Nego
951 2360 1161 2406 usquam
1181 2359 1418 2406 umquam
1438 2342 1589 2392 fuisse
1607 2343 1834 2403 maioreS,
1854 2341 1942 2413 ubi
1960 2342 2002 2392 si

169 2448 191 2477 2
202 2445 225 2493 5
253 2435 360 2499 quis
380 2435 587 2499 ignobili
601 2437 714 2485 loco
731 2443 876 2484 natus
896 2434 964 2483 ita
988 2433 1124 2494 vivit,
1144 2442 1199 2482 ut
1216 2432 1490 2483 nobilitatis
1510 2432 1803 2498 dignitatem
1823 2432 2002 2482 virtute

253 2524 378 2573 tueri
402 2541 549 2588 posse
574 2524 814 2585 videatur,
840 2540 1000 2588 usque
1027 2540 1088 2572 eo
1126 2522 1371 2587 pervenit,
1397 2523 1567 2587 quoad
1606 2539 1720 2571 eum
1756 2521 2002 2572 industria
2065 2567 2066 2570 ,

253 2631 369 2663 cum
394 2615 685 2665 innocentia
709 2623 974 2679 prosecuta
1009 2622 1095 2663 est.
1174 2624 1285 2665 112.
1326 2612 1377 2662 Si
1414 2612 1525 2676 quis
1562 2620 1729 2661 autem
1766 2612 1864 2662 hoc
1899 2627 2002 2661 uno

254 2703 438 2774 nititur,
483 2705 621 2768 quod
670 2704 732 2753 sit
780 2702 1026 2768 ignobilis,
1069 2703 1296 2766 procedit
1333 2718 1483 2765 saepe
1519 2701 1729 2766 longius,
1774 2717 1927 2766 quam
1962 2700 2003 2751 si

255 2793 389 2845 idem
409 2793 491 2852 ille
512 2803 641 2843 esset
661 2811 776 2842 cum
793 2793 954 2843 isdem
974 2792 1074 2842 suis
1090 2791 1218 2841 vitiis
1244 2791 1599 2841 nobilissimus,
1639 2793 1714 2842 Ut
1734 2788 2002 2854 Quinctius
2080 2806 2082 2809 ’

169 2891 231 2936 30
255 2882 444 2931 -nihil
480 2883 615 2932 enim
652 2883 816 2932 dicam
846 2883 910 2933 de
945 2880 1233 2933 ceteris—-si
1269 2881 1440 2930 fuisset
1477 2881 1632 2931 homo
1666 2879 1864 2943 nobilis,
1893 2879 2004 2944 quis

255 2968 370 3022 eum
413 2990 529 3022 cum
563 2972 654 3022 *illa
701 2973 932 3037 superbia
977 2981 1128 3036 atque
1176 2951 1498 3021 intolerantia
1545 2972 1671 3021 ferre
1720 2969 2004 3035 potuisset?

257 3061 411 3125 Quod
436 3078 497 3111 eo
533 3063 647 3111 loco
672 3061 777 3123 fuit,
816 3062 885 3111 ita
921 3062 1154 3123 tulerunt,
1182 3070 1249 3121 ut,
1287 3062 1327 3110 si
1364 3059 1486 3125 quid
1523 3060 1729 3111 haberet
1765 3076 1796 3109 a
1830 3067 2004 3108 natura

225 3060 392 3222 phonss
422 3152 659 3215 prodesse
686 3151 731 3201 ei
765 3161 997 3214 putarent
1035 3159 1295 3215 oportere:
1331 3150 1614 3213 superbiam
1650 3157 1819 3199 autem
1854 3157 2004 3213 atque

2079 3163 2106 3386 fflfflfflffloxmffl„
2090 3104 2106 3144 ⁴0¹2..
2098 3068 2106 3091 ,Α
2095 3020 2106 3058 ’,ψη
