2106 3386
111 159 238 199 XXI.
273 145 359 214 57]
437 145 592 198 PRO
633 146 702 197 A.
746 143 1162 198 CLUENTIO
1205 143 1531 196 ORATIO.
1779 158 1840 194 21

109 287 237 334 clam
280 302 343 333 an
380 287 544 349 palam
575 286 638 334 de
669 301 722 334 se
760 286 1056 334 sententiam
1082 285 1194 333 ferri
1219 285 1380 332 vellet.
1457 285 1536 331 De
1581 282 1850 345 Oppianici

107 376 353 424 sententia
387 390 684 438 responsum
721 382 811 434 est,
851 372 988 436 quod
1025 374 1066 421 is
1103 373 1283 421 Habiti
1318 371 1607 421 familiarem
1648 370 1850 419 Iunium

109 456 218 513 esse
277 464 492 523 dicebat,
543 465 673 512 clam
721 464 847 512 velle
895 463 1021 511 ferri.
1143 463 1278 510 Itum
1327 470 1402 510 est
1461 462 1511 508 in
1570 459 1845 509 consilium.

111 554 361 603 Omnibus
397 553 655 602 sententiis
691 561 886 616 praeter
918 568 1084 611 unam,
1115 567 1265 614 quam
1303 567 1444 600 suam
1478 552 1707 600 Staienus
1743 566 1852 598 esse

109 642 322 703 dicebat,
372 643 676 691 Scamander
714 640 874 705 prima
912 641 1109 690 actione
1154 641 1520 689 condemnatus
1564 648 1652 689 est.
1725 639 1851 701 Quis

107 740 213 780 tum
245 741 348 781 erat
381 733 606 780 omniurn
640 730 725 793 qui
764 730 1073 779 Scamandro
1109 730 1447 778 condemnato
1484 745 1587 778 non
1612 728 1851 778 iudicium

107 821 172 868 de
212 819 492 883 Oppianico
532 822 715 868 sactum
746 835 854 868 esse
886 818 1236 867 arbitraretur?
1272 819 1394 881 quid
1429 827 1503 868 est
1541 819 1624 866 illa
1653 819 1854 867 damna-

108 910 245 957 tione
281 910 568 971 iudicatum,
597 908 689 957 nisi
723 924 973 957 venenum
1011 907 1078 968 id,
1106 909 1244 970 quod
1271 909 1466 956 Habito
1502 909 1715 967 daretur,
1744 923 1852 957 esse

107 999 426 1061 quaesitum?
542 999 686 1060 Quae
744 1014 894 1061 porro
954 996 1246 1046 tenuissima
1306 996 1524 1060 suspicio
1572 998 1754 1045 collata
1801 998 1850 1044 in

110 1088 467 1136 Scamandrum
501 1097 574 1136 est
611 1096 695 1136 aut
726 1088 938 1160 conferri
971 1086 1147 1150 potuit,
1184 1095 1237 1135 ut
1271 1088 1310 1134 is
1351 1102 1438 1135 sua
1468 1094 1648 1149 sponte
1674 1102 1851 1136 necare

108 1177 325 1225 voluisse
352 1175 599 1225 Habitum
626 1160 917 1313 ρυῑειτ6ῐζῆῗ

178 1264 260 1330 56.
299 1268 466 1328 Atque
491 1266 588 1313 hoc
614 1274 720 1313 tum
752 1267 800 1313 iu
842 1266 937 1312 icio
963 1265 1096 1313 facto
1135 1273 1184 1314 et
1225 1266 1511 1328 Oppianico
1551 1280 1602 1314 re
1641 1273 1691 1314 et
1731 1267 1852 1314 exis—

110 1356 368 1404 timatione
417 1342 528 1414 iam,
568 1356 677 1418 lege
715 1364 763 1403 et
792 1354 1198 1417 pronuntiatione
1228 1354 1454 1402 nondum
1494 1355 1848 1415 condemnato,

110 1453 278 1493 tamen
319 1445 537 1493 Habitus
579 1445 915 1507 Oppianicum
955 1459 1092 1492 reum
1134 1445 1299 1492 statim
1335 1460 1439 1492 non
1476 1443 1605 1492 fecit.
1679 1444 1852 1493 Voluit

110 1550 412 1596 cognoscere
454 1543 618 1582 utrum
659 1535 847 1582 iudices
886 1535 936 1581 in
977 1549 1063 1582 eos
1103 1534 1237 1582 solos
1285 1542 1452 1582 essent
1501 1533 1673 1593 severi,
1725 1549 1852 1596 quos

109 1639 359 1672 venenum
417 1623 650 1671 habuisse
710 1624 845 1686 ipsos
893 1624 1269 1686 comperissent,
1320 1639 1384 1670 an
1433 1625 1583 1672 etiam
1644 1623 1851 1683 consilia

109 1711 541 1782 conscientiasque
566 1713 672 1760 eius
696 1713 836 1760 modi
869 1712 1144 1760 facinorum
1183 1712 1431 1775 supplicio
1469 1712 1643 1774 dignas
1670 1694 1851 1760 iudica-

110 1810 230 1850 rent.
339 1783 517 1864 Itaque
566 1802 621 1850 C.
676 1801 971 1862 Fabricium,
1022 1817 1173 1864 quem
1221 1810 1424 1864 propter
1470 1803 1852 1851 familiaritatem

113 1889 378 1954 Oppianici
431 1889 686 1939 conscium
748 1890 818 1938 illi
867 1889 1074 1939 facinori
1122 1891 1274 1939 fuisse
1321 1892 1662 1952 arbitrabatur,
1712 1908 1849 1940 reum

113 1982 277 2028 statim
314 1978 457 2028 fecit:
507 1981 678 2043 utique
727 1982 772 2028 ei
820 1981 961 2028 locus
1008 1979 1193 2043 primus
1231 1979 1615 2029 constitueretur
1654 1989 1854 2044 propter

75 2062 290 2118 'causae
339 2068 745 2118 coniunctionem
794 2068 1090 2133 impetravit.
1165 2069 1269 2118 Hic
1305 2079 1411 2118 turn
1455 2069 1709 2119 Fabricius
1748 2087 1852 2119 non

113 2159 267 2207 modo
293 2158 357 2206 ad
382 2174 462 2207 me
487 2174 628 2207 meos
651 2157 843 2207 vicinos
877 2167 925 2207 et
959 2157 1147 2208 amicos
1171 2158 1472 2208 Alatrinates
1499 2176 1600 2208 non
1626 2160 1848 2220 adduxit,

112 2247 201 2295 sed
226 2246 331 2310 ipse
357 2247 426 2296 eis
451 2263 615 2311 neque
641 2247 984 2297 defensoribus
1010 2248 1081 2323 uti
1100 2257 1277 2311 postea
1312 2265 1477 2311 neque
1510 2241 1852 2323 laudatoribus

111 2336 288 2398 potuit.
360 2342 442 2400 57.
485 2338 613 2385 Rem
641 2336 774 2386 enim
800 2336 1044 2407 integram
1070 2336 1287 2386 hominis
1313 2353 1415 2385 non
1441 2336 1593 2386 alieni
1624 2338 1851 2400 quamvis

111 2423 438 2487 suspiciosam
465 2425 733 2476 defendere
757 2425 1079 2475 humanitatis
1105 2442 1213 2475 esse
1237 2427 1555 2489 putabamus,
1582 2426 1849 2476 iudicatam

112 2513 410 2563 labefactare
458 2514 629 2562 conari
666 2514 1017 2578 impudentiae.
1109 2517 1288 2579 Itaque
1325 2524 1430 2563 tum
1473 2516 1555 2565 ille
1598 2515 1767 2580 inopia
1804 2527 1852 2566 et

113 2602 409 2652 necessitate
445 2612 648 2652 coactus
686 2603 736 2651 in
773 2620 923 2652 causa
957 2603 1063 2653 eius
1099 2604 1237 2652 modi
1273 2605 1338 2653 ad
1375 2606 1646 2668 Caepasios
1680 2607 1851 2655 fratres

113 2691 350 2754 confugit,
377 2692 606 2741 homines
631 2692 899 2742 industrios
924 2701 1074 2756 atque
1112 2709 1173 2742 eo
1210 2693 1393 2754 animo,
1423 2702 1477 2743 ut
1502 2711 1851 2759 quaecumque

113 2779 314 2828 dicendi
361 2789 582 2843 potestas
631 2791 761 2832 esset
809 2783 942 2844 data,
987 2783 1037 2831 in
1081 2784 1272 2832 honore
1310 2792 1460 2847 atque
1503 2783 1553 2832 in
1601 2785 1850 2834 beneficio

113 2877 369 2930 ponerent.
412 2892 454 2929 μ’

182 2959 321 3006 ΧΧΙ.
365 2960 474 3006 Iam
514 2959 612 3008 hoc
651 2976 806 3023 prope
845 2960 1154 3023 iniquissime
1203 2971 1543 3024 comparatum
1582 2971 1670 3023 est,
1709 2964 1849 3026 quod

115 3045 163 3107 in
200 3048 386 3094 morbis
424 3047 656 3110 corporis,
695 3058 750 3097 ut
787 3049 1000 3112 quisque
1035 3059 1109 3099 est
1145 3049 1480 3111 difficillimus,
1514 3051 1583 3100 ita
1620 3051 1846 3100 medicus

114 3135 449 3186 nobilissimus
485 3145 633 3203 atque
670 3138 888 3202 optimus
915 3140 1179 3202 quaeritur,
1218 3139 1267 3187 in
1306 3139 1536 3203 periculis
1573 3140 1764 3203 capitis,
1793 3151 1846 3190 ut

1882 1100 1940 1130 10

1880 1994 1941 2025 20

1873 2883 1938 2929 30
