2106 3386
155 147 290 187 XLV.
327 135 448 202 126]
528 134 681 186 PRO
724 133 792 185 A.
837 131 1251 186 CLUENTIO
1295 131 1618 184 ORATIO.
1822 145 1887 196 47

151 275 291 324 cuius
343 290 637 324 mucronem
688 272 858 322 multis
906 271 1138 321 remediis
1189 271 1403 320 maiores
1451 271 1607 320 nostri
1653 271 1890 321 rettuder—

152 374 255 423 unt,
285 380 447 428 aeque
482 364 695 427 posthac
731 370 883 425 atque
919 362 1059 409 illum
1097 359 1417 410 dictatorium
1459 359 1884 423 pertimescamus.

154 465 264 519 124.
295 453 382 504 Sin
418 461 602 513 autem,
641 451 780 515 quod
817 441 1149 513 subscriptum
1186 458 1276 509 est,
1316 449 1435 513 quia
1476 466 1648 498 verum
1692 457 1782 510 est,
1821 449 1893 498 id-

151 543 284 592 circo
308 558 455 606 grave
482 542 636 591 debet
661 556 784 600 esse,
811 541 909 588 hoc
934 555 1245 603 quaeramus,
1274 555 1443 597 verum
1484 538 1546 587 sit
1582 553 1646 587 an
1681 539 1859 587 falsum
1881 559 1890 588 ε

149 640 500 681 removeantur
524 629 844 680 auctoritates
869 627 1157 678 censoriae:
1190 629 1392 677 tollatur
1411 628 1463 677 id
1483 644 1542 677 ex
1567 643 1734 687 causa,
1754 628 1890 690 quod

150 719 202 768 in
223 736 373 769 causa
394 736 495 768 non
515 728 589 768 est
611 719 775 768 :doce
795 733 945 780 quam
965 716 1233 780 pecuniam
1252 715 1516 766 Cluentius
1536 717 1743 775 dederit,
1755 717 1891 765 unde

149 808 359 870 dederit,
387 825 539 872 quem
564 809 630 857 ad
655 807 865 857 modum
902 805 1128 856 dederit:
1165 822 1322 855 unum
1348 804 1570 868 denique
1595 822 1624 854 a
1651 805 1889 856 Cluentio
1925 857 1934 880 =.
1989 872 1992 873 γ

147 899 400 961 profectae
424 897 668 961 pecuniae
693 895 960 960 vestigium
986 897 1214 945 ostende.
1301 894 1463 962 Vince
1489 894 1676 944 deinde
1700 895 1890 945 bonum
1932 886 1970 913 ‘⁸

147 987 308 1037 virum
344 988 498 1037 fuisse
536 987 894 1052 Oppianicum,
932 986 1189 1036 hominem
1227 985 1492 1051 integrum,
1529 985 1656 1034 nihil
1692 988 1757 1036 de
1804 986 1890 1035 illo

147 1094 386 1141 umquam
413 1093 559 1127 secus
584 1093 695 1126 esse
719 1075 1068 1136 existimatum,
1090 1075 1215 1123 nihil
1235 1074 1455 1139 denique
1473 1074 1887 1139 praeiudicatum.

146 1169 280 1215 Tum
301 1166 646 1215 auctoritatem
664 1165 943 1215 censoriam
962 1165 1248 1229 amplexato
1268 1185 1278 1214 :
1315 1173 1421 1214 tum
1437 1164 1634 1214 illorum
1651 1163 1889 1214 iudicium

146 1255 472 1305 coniunctum
521 1271 635 1304 cum
685 1272 736 1304 re
786 1271 894 1304 esse
943 1253 1215 1304 defenditO.
1294 1263 1403 1320 125.
1446 1256 1584 1303 Dum
1620 1270 1738 1304 vero
1775 1270 1888 1303 eum

146 1345 298 1418 fuisse
337 1344 673 1409 Oppianicum
711 1342 978 1404 constabit,
1020 1344 1106 1407 qui
1142 1345 1338 1393 tabulas
1375 1343 1603 1407 publicas
1629 1343 1890 1407 municipii

146 1423 298 1484 manu
314 1451 403 1484 sua
420 1432 702 1498 corrupisse
722 1433 972 1483 iudicatus
988 1433 1064 1494 sit,
1085 1433 1170 1497 qui
1187 1442 1549 1483 testamentum
1567 1433 1886 1494 interleverit‚

146 1523 232 1588 qui
290 1523 548 1587 supposita
601 1539 815 1586 persona
874 1523 1052 1571 falsum
1107 1531 1464 1572 testamentum
1519 1523 1885 1586 obsignandum

143 1611 406 1672 curaverit,
447 1611 534 1675 qui
570 1627 699 1672 eum,
741 1611 882 1660 cuius
921 1611 1125 1661 nomine
1162 1613 1215 1661 id
1252 1612 1572 1676 obsignatum
1612 1621 1699 1674 est,
1745 1613 1888 1663 inter-

145 1700 332 1762 fecerit,
353 1701 440 1764 qui
460 1702 763 1750 avunculum
783 1701 871 1749 filii
892 1701 967 1750 sui
986 1700 1037 1749 in
1058 1701 1292 1754 servitute
1312 1718 1372 1750 ac
1391 1702 1604 1751 vinculis
1621 1705 1887 1766 necaverit,

146 1791 232 1854 qui
251 1789 532 1854 municipes
554 1806 670 1839 suos
690 1791 1075 1853 proscribendos
1094 1790 1505 1855 occidendosque
1525 1792 1780 1854 curaverit,
1805 1794 1890 1856 qui

147 1881 252 1930 eius
288 1895 509 1939 uxorem,
551 1895 700 1943 quem
737 1879 1006 1939 occiderat,
1046 1881 1097 1928 in
1135 1880 1516 1930 matrimonium
1554 1881 1761 1943 duxerit,
1802 1882 1888 1946 qui

145 1969 413 2034 pecuniam
460 1984 553 2032 pro
601 1968 864 2018 abortione
890 1968 1101 2029 dederit,
1131 1969 1218 2033 qui
1240 1986 1452 2031 socrum,
1476 1970 1562 2034 qui
1581 1988 1777 2033 uxores,
1801 1973 1888 2036 qui

148 2075 250 2109 uno
299 2067 528 2122 tempore
560 2059 733 2114 *fratris
781 2074 986 2108 uxorem
1026 2067 1354 2123 speratosque
1380 2059 1565 2109 liberos
1590 2062 1888 2126 fratremque

145 2148 323 2212 ipsum,
346 2149 431 2211 qui
450 2147 668 2211 denique
690 2163 806 2197 suos
832 2148 1017 2197 liberos
1043 2147 1355 2210 interfecerit,
1385 2148 1470 2212 qui
1497 2165 1611 2197 cum
1637 2167 1886 2200 venenum

145 2236 371 2301 privigno
419 2254 509 2287 suo
558 2237 678 2286 dare
725 2238 888 2297 vellet,
941 2236 1208 2287 manifesto
1245 2239 1591 2302 deprehensus
1630 2241 1704 2300 sit,
1744 2240 1887 2290 cuius

146 2325 380 2376 ministris
427 2325 746 2389 consciisque
794 2326 1047 2375 damnatis
1097 2329 1204 2391 ipse
1253 2328 1503 2377 adductus
1551 2330 1601 2376 in
1646 2328 1886 2379 iudicium

145 2416 409 2479 pecuniam
435 2415 590 2466 iudici
610 2415 806 2465 dederit
826 2417 891 2466 ad
911 2417 1184 2466 sententias
1211 2417 1437 2466 iudicum
1464 2420 1886 2482 corrumpendas:

146 2505 266 2554 dum
308 2506 450 2565 haec,
495 2504 717 2568 inquam,
764 2506 828 2554 de
871 2505 1158 2570 Oppianico
1207 2508 1526 2568 constabunt,
1572 2523 1736 2571 neque
1783 2511 1885 2559 ullo

144 2602 438 2658 argumento
474 2593 807 2645 Cluentianae
843 2594 1087 2658 pecuniae
1123 2594 1310 2644 crimen
1347 2595 1614 2656 tenebitur,
1653 2597 1775 2660 quid
1812 2609 1885 2648 est

145 2683 285 2747 quod
321 2691 370 2732 te
407 2668 501 2732 ista
537 2683 776 2744 censoria,
805 2683 908 2734 sive
932 2685 1163 2734 voluntas
1190 2683 1294 2733 sive
1319 2684 1492 2748 opinio
1517 2685 1621 2746 fuit,
1649 2688 1884 2738 adiuvare

145 2781 231 2822 aut
254 2772 389 2820 hunc
415 2771 740 2822 innocentem
768 2771 1051 2837 opprimere
1076 2789 1226 2836 posse
1250 2774 1513 2823 videatur?

1919 1092 1977 1123 10

1914 1987 1975 2018 20

213 2862 370 2909 XLV.
408 2858 517 2912 126.
549 2859 687 2923 Quid
706 2860 851 2925 igitur
870 2877 1104 2911 censores
1124 2861 1281 2910 secuti
1301 2871 1414 2911 sunt
1430 2865 1452 2912 ?
1470 2879 1534 2912 ne
1549 2862 1644 2927 ipsi
1664 2864 1880 2927 quidem,
1906 2875 1970 2920 30

144 2957 199 2999 ut
222 2947 511 3013 gravissime
536 2947 718 3009 dicam,
735 2949 1006 3013 quicquam
1032 2950 1168 2999 aliud
1194 2949 1365 2999 dicent
1383 2960 1578 3014 praeter
1602 2969 1881 3002 sermonem

145 3046 293 3102 atque
329 3039 527 3086 famam.
603 3037 740 3086 Nihil
777 3054 830 3087 se
867 3038 1093 3098 testibus,
1132 3038 1256 3087 nihil
1293 3039 1489 3101 tabuliS,
1540 3040 1664 3090 nihil
1712 3042 1882 3106 aliquo

145 3128 279 3190 gravi
327 3134 622 3190 argumento
671 3127 989 3190 comperisse,
1045 3128 1169 3176 nihil
1218 3129 1438 3192 denique
1485 3147 1635 3180 causa
1681 3131 1880 3195 cognita
